@inproceedings{understand-drivers,
 author = {Kadav, Asim and Swift, Michael M.},
 title = {Understanding Modern Device Drivers},
 booktitle = {\asplos{}},
 year = {2012},
 pages = {87--98},
} 

@article {upgrade-libre,
	title = {Measuring Libre Software Using Debian 3.1 (Sarge) as A Case Study: Preliminary Results},
	journal = {UPGRADE - The European Journal for the Informatics Professional},
	volume = {VI},
	number = {3},
	year = {2005},
	month = {06},
	pages = {13{\textendash}16},
	publisher = {Council of European Professional Informatics Societies and Nov{\'a}tica},
	keywords = {cost estimation, debian, free software, libre software, open source},
	url = {http://www.cepis.org/upgrade/index.jsp?p=0\&n=2167\&a=3077},
	author = {Juan Jose Amor and Jesus M. Gonzalez-Barahona and Gregorio Robles and Israel Herraiz}
}


@article{macro-study,
	year={2009},
	journal={Empirical Software Engineering},
	volume={14},
	number={3},
	doi={10.1007/s10664-008-9100-x},
	title={Macro-level software evolution: a case study of a large software compilation},
	url={http://dx.doi.org/10.1007/s10664-008-9100-x},
	publisher={Springer US},
	keywords={Mining software repositories; Large software collections; Software evolution; Software integrators},
	author={Gonzalez-Barahona, Jesus M. and Robles, Gregorio and Michlmayr, Martin and Amor, Juan Jos√© and German, Daniel M.},
	pages={262-285},
}


@misc{toy-story,
  title={From toy story to toy history: A deep analysis of {Debian GNU/Linux}},
  author={Robles, Gregorio and Gonz{\'a}lez-Barahona, Jes{\'u}s M},
  year={2003}
}

@inproceedings{pigs-to-stripes,
    address = {Helsinki, Finland},
    author = {Amor, Juan J. and Robles, Gregorio and Gonz\'{a}lez-Barahona, Jes\'{u}s M. and Herraiz, Israel},
    booktitle = {Proceedings of the DebConf5 (Debian Annual Developers Meeting)},
    month = {07},
    title = {From Pigs to Stripes: A Travel Through {Debian}},
    year = {2005}
}

@article{measuring-woody,
  author    = {Juan Jos{\'{e}} Amor and
               Gregorio Robles and
               Jes{\'{u}}s M. Gonz{\'{a}}lez{-}Barahona},
  title     = {Measuring {Woody}: The Size of {Debian} 3.0},
  journal   = {CoRR},
  year      = {2005},
  volume    = {abs/cs/0506067},
  url       = {http://arxiv.org/abs/cs/0506067},
}

@article{package-dependency,
    author = {de Sousa, O. Felicio and de Menezes, M. A. and Penna, Thadeu J. P.},
    chapter = {15},
    journal = {Journal of Computational Interdisciplinary Sciences},
    month = {03},
    number = {2},
    pages = {127--133},
    title = {{Analysis of the package dependency on Debian GNU/Linux}},
    volume = {1},
    year = {2009}
}

@article{linux-standard-base,
author={Denis, S},
title={Linux Distributions and Applications Analysis During Linux Standard Base Development},
journal={Proceedings of the Spring/Summer Young Researchers. Colloquium on Software Engineering},
year={2008},
volume={2},
}

@article{shared-library,
author={Pavel, S and Denis, S},
title={Binary Compatibility of Shared Libraries Implemented in {C}++ on {GNU/Linux} Systems},
journal={Proceedings of the Spring/Summer Young Researchers. Colloquium on Software Engineering},
year={2009},
volume={3},
}

@inproceedings{backward-compatibility,
  author={Ponomarenko, A and Rubanov, V.},
  booktitle={IEEE International Conference on Computer Science and Automation Engineering (CSAE)}, 
  title={Automatic backward compatibility analysis of software component binary interfaces}, 
  year={2011},
  month={June},
  volume={3},
  pages={167-173},
}

@article{component-compatibility,
  title={Component Compatibility in Component Based Development},
  author={Singh, Hardeep and Kaur, Anitpal},
  journal={International Journal of Computer Science and Mobile Computing},
  year={2014},
  volume = {3},
  pages = {535-541},
  month = {06},
}

@inproceedings{power-modelling,
 author = {Pathak, Abhinav and Hu, Y. Charlie and Zhang, Ming and Bahl, Paramvir and Wang, Yi-Min},
 title = {Fine-grained Power Modeling for Smartphones Using System Call Tracing},
 booktitle = {\eurosys{}},
 year = {2011},
 pages = {153--168},
 publisher = {ACM},
} 

@TECHREPORT{multi-call,
    author = {Mohan Rajagopalan and Saumya K Debray and Matti A Hiltunen and Richard D Schlichting},
    title = {System Call Clustering: A Profile Directed Optimization Technique},
    year = {2003},
    month = May,
    institution =  "The University of Arizona",
}

@inproceedings{cde,
 author = {Guo, Philip J. and Engler, Dawson},
 title = {{CDE}: Using System Call Interposition to Automatically Create Portable Software Packages},
 booktitle = {\usenixatc{}},
 year = {2011},
} 

@inproceedings{software-theft,
 author = {Wang, Xinran and Jhi, Yoon-Chan and Zhu, Sencun and Liu, Peng},
 title = {Detecting Software Theft via System Call Based Birthmarks},
 booktitle = {Proceedings of the 2009 Annual Computer Security Applications Conference},
 series = {ACSAC '09},
 year = {2009},
 pages = {149--158},
 keywords = {detection, plagiarism, birthmark},
} 

@incollection{policy-extraction,
year={2004},
booktitle={Recent Advances in Intrusion Detection},
volume={3224},
series={Lecture Notes in Computer Science},
editor={Jonsson, Erland and Valdes, Alfonso and Almgren, Magnus},
title={Automatic Extraction of Accurate Application-Specific Sandboxing Policy},
publisher={Springer Berlin Heidelberg},
author={Lam, LapChung and Chiueh, Tzi-cker},
pages={1-20},
}

@inproceedings{file-not-file,
 author = {Harter, Tyler and Dragga, Chris and Vaughn, Michael and Arpaci-Dusseau, Andrea C. and Arpaci-Dusseau, Remzi H.},
 title = {A File is Not a File: Understanding the I/O Behavior of Apple Desktop Applications},
 booktitle = {\sosp{}},
 year = {2011},
 pages = {71--83},
}

@inproceedings{life-death,
 author = {Nguyen, Raymond and Holt, Ric},
 title = {Life and Death of Software Packages: An Evolutionary Study of Debian},
 booktitle = {Proceedings of the 2012 Conference of the Center for Advanced Studies on Collaborative Research},
 series = {CASCON '12},
 year = {2012},
 pages = {192--204},
}

@inproceedings{mining-over-time,
 author = {Robles, Gregorio and Gonzalez-Barahona, Jesus M. and Michlmayr, Martin and Amor, Juan Jose},
 title = {Mining Large Software Compilations over Time: Another Perspective of Software Evolution},
 booktitle = {Proceedings of the International Workshop on Mining Software Repositories},
 series = {MSR},
 year = {2006},
 pages = {3--9},
} 


@inproceedings{symdrive,
 author = {Renzelmann, Matthew J. and Kadav, Asim and Swift, Michael M.},
 title = {SymDrive: Testing Drivers Without Devices},
 booktitle = {\osdi{}},
 year = {2012},
 pages = {279--292},
} 

@inproceedings{linux-faults,
 author = {Palix, Nicolas and Thomas, Ga\"{e}l and Saha, Suman and Calv\`{e}s, Christophe and Lawall, Julia and Muller, Gilles},
 title = {Faults in {Linux}: Ten Years Later},
 booktitle = {\asplos{}},
 year = {2011},
 pages = {305--318},
 acmid = {1950401},
}

@misc{linuxvuln,
  title={{Linux Kernel Security Vulnerabilities (http://www.cvedetails.com)}},
  key={vuln},
  howpublished={\url{http://www.cvedetails.com/}},
  year="2013",
}

@inproceedings{memento,
 author = {Suman Jana and Vitaly Shmatikov},
 title = {Memento: Learning Secrets from Process Footprints},
 booktitle = {\oakland{}},
 year = {2012},
}


@misc{seccomp,
  title={{SECure COMPuting with Filters (seccomp)}},
  key={seccomp},
  howpublished={\url{https://www.kernel.org/doc/Documentation/prctl/seccomp_filter.txt}},
  note={Accessed on 3/12/2016}
}

@inproceedings{hasansss07,
  author = {Ragib Hasan and Radu Sion and Marianne Winslett},
  title = {Introducing secure provenance: problems and challenges},
  booktitle = {Proceedings of the 2007 ACM workshop on Storage security and survivability ({StorageSS})},
  year = {2007},
  pages = {13--18},
}


@inproceedings{sion2007sdm-vldb,
  author = {Ragib Hasan and Marianne Winslett and Radu Sion},
  title = {Requirements of Secure Storage Systems for Health-care Records},
  booktitle = {International Workshop on Secure Data Management SDM at VLDB},
  year = {2007}
}

@inproceedings{sion2009sprov-usenix-login,
  author =   {Ragib Hasan and Radu Sion and Marianne Winslett},
  title =    "{Secure Provenance: Protecting the Genealogy of Bits}",
  booktitle = "{login: The USENIX Magazine }",
  year = 2009
}

@inproceedings{sion2009remembrance-cidr,
  author =   {Ragib Hasan and Radu Sion and Marianne Winslett},
  title =    "{Remembrance: The Unbearable Sentience of Being Digital}",
  booktitle = "{Conference on Innovative Data Systems Research CIDR}",
  year = 2009
}

@inproceedings{sion2009sprov-fast,
  author =   {Ragib Hasan and Radu Sion and Marianne Winslett},
  title =    "{The Case of the Fake Picasso: Preventing History Forgery with Secure Provenance}",
  booktitle = "{USENIX Conference on File and Storage Technologies (FAST)}",
  year = 2009
}


@inproceedings{quicksilver91sosp,
 author = {Frank Schmuck and Jim Wylie},
 title = {Experience with transactions in {Q}uick{S}ilver},
 booktitle = {SOSP},
 year = {1991},
 doi = {http://doi.acm.org/10.1145/121132.121171},
 publisher = {ACM},
 pages = {239--253},
}

@inproceedings{barham03xen,
 author = {Barham, Paul and Dragovic, Boris and Fraser, Keir and Hand, Steven and Harris, Tim and Ho, Alex and Neugebauer, Rolf and Pratt, Ian and Warfield, Andrew},
 title = {Xen and the art of virtualization},
 booktitle = {\sosp{}},
 pages = {164--177},
 year = {2003},
 }
% isbn = {1-58113-757-5},
% pages = {164--177},
% location = {Bolton Landing, NY, USA},
% doi = {http://doi.acm.org/10.1145/945445.945462},
% publisher = {ACM},
% address = {New York, NY, USA},

@inproceedings{wei05fast,
  author    = {Jinpeng Wei and
               Calton Pu},
  title     = {{TOCTTOU} Vulnerabilities in {UNIX}-Style File Systems: An Anatomical
               Study},
  booktitle = {\fast{}},
  year      = {2005},
}
@article{quicksilver88tocs,
 author = {Rober Haskin and Yoni Malachi and Gregory Chan},
 title = {Recovery management in {Q}uick{S}ilver},
 journal = {ACM Trans. Comput. Syst.},
 volume = {6},
 number = {1},
 year = {1988},
 issn = {0734-2071},
 pages = {82--108},
 doi = {http://doi.acm.org/10.1145/35037.35060},
 publisher = {ACM},
 address = {New York, NY, USA},
}

@inproceedings{tabs85sosp,
 author = {Alfred Z. Spector and Dean Daniels and Daniel Duchamp and Jeffrey L. Eppinger and Randy Pausch},
 title = {Distributed transactions for reliable systems},
 booktitle = {SOSP},
 year = {1985},
 isbn = {0-89791-174-1},
 doi = {http://doi.acm.org/10.1145/323647.323641},
}

@inproceedings{locus85sosp,
 author = {Matthew J. Weinstein and Thomas W. Page, Jr. and Brian K. Livezey and Gerald J. Popek},
 title = {Transactions and synchronization in a distributed operating system},
 booktitle = {SOSP},
 year = {1985},
 pages = {115--126},
 isbn = {0-89791-174-1},
 location = {Orcas Island, Washington, United States},
 doi = {http://doi.acm.org/10.1145/323647.323640},
}
@techreport{lapadula+bell,
  author =       "L. J. LaPadula and D. E. Bell",
  title =        "Secure Computer Systems: {A} Mathematical Model",
  institution =  "MITRE Corp.",
  address =      "Bedford, MA",
  number =       "MTR-2547, Vol. 2",
  year =         1973,
  note =         "Reprinted in {\em J. of Computer Security}, vol. 4,
                  no. 2--3, pp. 239--263, 1996"
}
@techreport{biba,
  author =	 "K. J. Biba",
  title =	 "Integrity Considerations for Secure Computer
                  Systems",
  number =	 "ESD-TR-76-372",
  institution =	 "USAF Electronic Systems Division",
  address =	 "Bedford, MA",
  month =	 apr,
  year =	 1977,
}

@inproceedings{clark87integrity,
 author = "David D. Clark and David R. Wilson",
 title = "A Comparison of Commercial and Military Computer Security Policies",
 booktitle = "SP87: Proceedings of the 1987 IEEE Symposium on Research in Security and Privacy",
 month = "May",
 year = 1987
}
% (SP'87), May 1987, Oakland, CA; IEEE Press, pp. 184‚Äì193

@inproceedings{liskov04txfs,
 author = {Barbara Liskov and Rodrigo Rodrigues},
 title = {Transactional file systems can be fast},
 booktitle = {EW11: Proceedings of the 11th workshop on ACM SIGOPS European workshop},
 year = {2004},
 pages = {5},
 location = {Leuven, Belgium},
 doi = {http://doi.acm.org/10.1145/1133572.1133592},
 publisher = {ACM},
 address = {New York, NY, USA},
}

@inproceedings{opentm04pact,
 author = {Woongki Baek and Chi Cao Minh and Martin Trautmann and Christos Kozyrakis and Kunle Olukotun},
 title = {The OpenTM Transactional Application Programming Interface},
 booktitle = {PACT '07: Proceedings of the 16th International Conference on Parallel Architecture and Compilation Techniques (PACT 2007)},
 year = {2007},
 isbn = {0-7695-2944-5},
 pages = {376--387},
 doi = {http://dx.doi.org/10.1109/PACT.2007.74},
 publisher = {IEEE Computer Society},
 address = {Washington, DC, USA},
}

@inproceedings{aguilera07sosp,
 author = {Marcos K. Aguilera and Arif Merchant and Mehul Shah and Alistair Veitch and Christos Karamanolis},
 title = {Sinfonia: a new paradigm for building scalable distributed systems},
 booktitle = {\sosp{}},
 year = {2007},
 pages = {159--174},
}

@article{liskov88argus,
 author = {Barbara Liskov},
 title = {Distributed programming in {A}rgus},
 journal = {Commun. ACM},
 volume = {31},
 number = {3},
 year = {1988},
 issn = {0001-0782},
 pages = {300--312},
 doi = {http://doi.acm.org/10.1145/42392.42399},
 publisher = {ACM},
 address = {New York, NY, USA},
}


@article{liskov87argus,
 author = {B. Liskov and D. Curtis and P. Johnson and R. Scheifer},
 title = {Implementation of {A}rgus},
 journal = {SOSP},
 year = {1987},
 }


@inproceedings{liskov99thor,
 author = {Barbara Liskov and Miguel Castro and Liuba Shrira and Atul Adya},
 title = {Providing Persistent Objects in Distributed Systems},
 booktitle = {ECOOP '99: Proceedings of the 13th European Conference on Object-Oriented Programming},
 year = {1999},
 isbn = {3-540-66156-5},
 pages = {230--257},
 publisher = {Springer-Verlag},
 address = {London, UK},
}

@phdthesis{moss81nested,
    author = "J. Eliot B. Moss",
    title = "Nested Transactions: An Approach to Reliable Distributed Computing",
    number = "MIT/LCS/TR-260",
    year = "1981",
    url = "citeseer.ist.psu.edu/eliot81nested.html" }

@inproceedings{ swift04recovering,
  author = "M. Swift and M. Annamalai and B. Bershad and H. Levy",
  title = "Recovering device drivers",
  booktitle = "OSDI",
  year = "2004",
}

@inproceedings{zilles:extending:transact:2006,
  author	= {Zilles, Craig and Baugh, Lee},
  title		= {Extending Hardware Transactional Memory to Support Non-busy Waiting and Non-transactional Actions},
  booktitle	= {TRANSACT},
  month		= {Jun},
  year		= {2006}
}

@inproceedings{kulkarni07pldi,
 author = {Milind Kulkarni and Keshav Pingali and Bruce Walter and Ganesh Ramanarayanan and Kavita Bala and L. Paul Chew},
 title = {Optimistic parallelism requires abstractions},
 booktitle = {PLDI},
 year = {2007},
 isbn = {978-1-59593-633-2},
 location = {San Diego, California, USA},
 doi = {http://doi.acm.org/10.1145/1250734.1250759},
 publisher = {ACM Press},
 address = {New York, NY, USA},
 }

@inproceedings{LogTM,
	author = "K. E. Moore and J. Bobba and M. J. Moravan and M. D. Hill and D. A. Wood",
	title = "Log{TM}: Log-based transactional memory",
	booktitle = "HPCA",
	year = "2006",
}

@techreport{ ferreira98perdis,
    author = "Paulo Ferreira and Marc Shapiro and Xavier Blondel and Olivier Fambon and Jo\~{a}o Garcia and Sytse Kloosterman and Nicholas Richer and Marcus Roberts and Fadi Sandakly and George Colouris and Jean Dollimore and Paulo Guedes and Daniel Hagimont and Sacha Krakowiak",
    title = "{PerDiS}: Design, Implementation and Use of a {PER}sistent {DI}stributed {S}tore",
    number = "QMW TR 752, CSTB ILC/98-1392, INRIA RR 3525, INESC RT/5/98",
    year = "1998",
    url = "citeseer.ist.psu.edu/article/ferreira98perdis.html" }
@book{gray+reuter,
  author    = {Jim Gray and
               Andreas Reuter},
  title     = {Transaction Processing: Concepts and Techniques},
  publisher = {Morgan Kaufmann},
  year      = {1993},
}

@article{gray76degrees,
 author = {J. N. Gray and R. A. Lorie and G. R. Putzolu and I. L. Traiger},
 title = {Granularity of locks and degrees of consistency in a shared data base},
 book = {Readings in database systems (3rd ed.)},
 year = {1998},
 isbn = {1-55860-523-1},
 pages = {175--193},
 publisher = {Morgan Kaufmann Publishers Inc.},
 address = {San Francisco, CA, USA},
 }


@incollection{yen:logtmse:hpca:2007,
  author	= {Yen, Luke and Bobba, Jayaram and Marty, Mike and Moore, Kevin E. and Volos, Haris and Hill, Mark D. and Swift, Michael M. and Wood, David A.},
  title		= {LogTM-{SE}: Decoupling Hardware Transactional Memory from Caches},
  booktitle	= {HPCA},
  year		= {2007},
  month		= {Feb},
  location	= {Phoenix, Arizona, USA},
  pdf		= {http://www.cs.wisc.edu/multifacet/papers/hpca07_logtmse.pdf},
}

@inproceedings{transact07hofmann,
   author = {Owen S. Hofmann and Donald E. Porter and Christopher J. Rossbach and Hany E. Ramadan and Emmett Witchel},
   title     = {Solving Difficult {HTM} Problems Without Difficult Hardware},
   booktitle = {\transact{}},
   year      = {2007},
}



@inproceedings{nightingale06osdi,
 author = {Edmund B. Nightingale and Kaushik Veeraraghavan and Peter M. Chen and Jason Flinn},
 title = {Rethink the sync},
 booktitle = {OSDI},
 year = {2006},
 pages = {1--14},
 }

@inproceedings{nightingale05sosp,
 author = {Edmund B. Nightingale and Peter M. Chen and Jason Flinn},
 title = {Speculative execution in a distributed file system},
 booktitle = {SOSP},
 year = {2005},
 pages = {191--205},
 isbn = {1-59593-079-5},
 location = {Brighton, United Kingdom},
 doi = {http://doi.acm.org/10.1145/1095810.1095829},
 }


@inproceedings{tetropolis,
 author = {M. Fakler and S. Frenz and R. Goeckelmann and M. Schoettner and P. Schulthess},
 title = {Project Tetropolis - Application of Grid Computing to Interactive Virtual 3D Worlds},
 booktitle = {International Conference on Hypermedia and Grid Systems},
 year = {2005}
}

@book{bernstein,
 author    = {Philip A. Bernstein and
               Vassos Hadzilacos and
               Nathan Goodman},
  title     = {Concurrency Control and Recovery in Database Systems},
  publisher = {Addison-Wesley},
  year      = {1987},
  isbn      = {0-201-10715-5},
  bibsource = {DBLP, http://dblp.uni-trier.de}
}

@unpublished{ mckenney,
 author = {Paul E. McKenney and Jon Walpole and Maged Michael},
 title  = {Personal Communication},
 month  = {Oct},
 year   = {2007}
}

@inproceedings{lenoski98,
 author = "D. Lenoski and J. Laudon",
title = "Retrospective: the Dash prototype: implementation and performance",
booktitle = "25 years of ISCA (selected papers",
year = "1998",
}

@article{ howard88,
    author = {John H. Howard and Michael L. Kazar and Sherri G. Menees and David A. Nichols and M. Satyanarayanan and Robert N. Sidebotham and Michael J. West},
    title = "Scale and Performance in a Distributed File System",
    journal = "ACM Transactions on Computer Systems",
    volume = "6",
    number = "1",
    pages = "51--81",
    year = "1988"
}

@inproceedings{ laudon97,
author = "J. Laudon and D. Lenoski",
title = "The {SGI} {O}rigin: A cc{NUMA} Highly Scalable Server",
booktitle = "ISCA",
year = 1997
}

@manual{ dotnetTx,
 title = ".{NET} Framework Class Library Reference - Transaction Class",
 note = "http://msdn2.microsoft.com/en-us/library/system.transactions.transaction(VS.90).aspx",
 organization = "Microsoft Corp.",
}
@manual{ conficker,
 title = "W32/Conficker.worm",
 note = "\url{http://vil.nai.com/vil/content/v\_153464.htm}",
 organnization = "McAfee Corporation",
 year = 2008
}

@manual{ totalsecurity,
 author = "Grinler",
 title = "How to remove Total Security (Uninstall Guide)",
 note = "\url{http://www.bleepingcomputer.com/virus-removal/remove-total-security}",
 organnization = "Bleeping Computer",
 year = 2009
}



@inproceedings{ mcdougall,
 author = "Paul McDougall",
 title = "Microsoft pulls buggy Windows Vista SP1 files",
  booktitle = "Information Week",
 note = "\url{http://www.informationweek.com/story/showArticle.jhtml?articleID=206800819}"
 
}

@inproceedings{herlihy93,
  author = "M. Herlihy and J. E. Moss",
  title = "Transactional memory: Architectural support for lock-free data structures",
  booktitle = {\isca{}},
  year = "1993",
  pages = {289--300},
}
@article{rajwar02tlr,
 author = {Ravi Rajwar and James R. Goodman},
 title = {Transactional lock-free execution of lock-based programs},
 journal = {ASPLOS},
 year = 2002,
}
@Comment  journal = {SIGARCH Comput. Archit. News},
@Comment  volume = {30},
@Comment  number = {5},
@Comment  year = {2002},
@Comment  issn = {0163-5964},
@Comment  pages = {5--17},
@Comment  doi = {http://doi.acm.org/10.1145/635506.605399},
@Comment  publisher = {ACM},
@Comment  address = {New York, NY, USA},
@book{larus:tmbook:mcp:2006,
  author	= {J. Larus and R. Rajwar},
  title		= {Transactional Memory},
  year		= {2006},
  publisher	= {Morgan \& Claypool},
  urlpage	= {http://www.morganclaypool.com/doi/abs/10.2200/S00070ED1V01Y200611CAC002},
}

@book{windowsinternals,
author = {M. Russinovich and D. Solomon},
title = {Windows Internals},
year = {2009},
publisher = {Microsoft Press},
}

@article{herlihy90forgiveness,
 author = {M. Herlihy},
 title = {Apologizing versus asking permission: optimistic concurrency control for abstract data types},
 journal = {ACM Trans. Database Syst.},
 volume = {15},
 number = {1},
 year = {1990},
 issn = {0362-5915},
 pages = {96--124},
 doi = {http://doi.acm.org/10.1145/77643.77647},
 publisher = {ACM},
 address = {New York, NY, USA},
 }

@inproceedings{moravan:nested-logtm:asplos:2006,
      author = {Michelle J. Moravan and Jayaram Bobba and Kevin E. Moore and Luke Yen and Mark D. Hill and Ben Liblit and Michael M. Swift and David A. Wood},
      title = {Supporting nested transactional memory in {L}og{TM}},
      booktitle = {ASPLOS},
      year = {2006},
      pages = {359--370},
      isbn = {1-59593-451-0},
      location = {San Jose, California, USA},
      doi = {http://doi.acm.org/10.1145/1168857.1168902},
   }


@techreport{blundell:unrestrictedtm:tr:2006,
  author	= {Blundell, Colin and Lewis, E Christopher and Martin, Milo M. K.},
  title		= {Unrestricted Transactional Memory: Supporting {I/O} and System Calls within Transactions},
  institution	= {University of Pennsylvania},
  number	= {CIS-06-09},
  type		= {Technical Report},
  month		= {Apr},
  year		= {2006},
  pdf		= {http://www.cis.upenn.edu/keclewis/papers/tr06_unrestricted_transactions.pdf}
}

@techreport{ ramadan08tr,
   author = "Anonymized",
   title = "Scalable Software Transactional Memory.",
   institution = "http://www.nevercomingdown.com/datmj.pdf",
   year = 2008
}

@inproceedings{ races-usenix05,
  author = "Nikita Borisov and Rob Johnson and Naveen Sastry and David Wagner",
  title = "Fixing Races for Fun and Profit: {H}ow to abuse atime", 
  booktitle = "\usenixsec{}",
  pages = {303--314},
  year = 2005 }


@misc{ chen04model,
  author = "H. Chen and D. Dean and D. Wagner",
  title = "Model checking one million lines of {C} code",
  text = "H. Chen, D. Dean, and D. Wagner. Model checking one million lines of C
    code. In Network and Distributed System Security Symposium, pages 171--
    185, San Diego, CA, February 2004.",
  year = "2004",
  url = "citeseer.ist.psu.edu/chen04model.html" }

@inproceedings{watson07woot,
 author = {Robert N. M. Watson},
 title = {Exploiting concurrency vulnerabilities in system call wrappers},
 booktitle = {WOOT'07: Proceedings of the first conference on First USENIX Workshop on Offensive Technologies},
 year = {2007},
 pages = {2--2},
 location = {Boston, MA},
 address = {Berkeley, CA, USA},
 }

@inproceedings{ garfinkel03traps,
    author = "Tal Garfinkel",
    title = "Traps and Pitfalls: Practical Problems in in System Call
    Interposition based Security Tools",
    booktitle = "\ndss{}",
    month = "February",
    year = "2003",
    url = "citeseer.ist.psu.edu/garfinkel03traps.html" }

@article{ reed81,
    author = {D. Reed},
    title = {Implementing Atomic Actions on Decentralized Data},
    journal = {ACM TOCS},
    volume={1},
    number={1},
    year={1981}
}


@inproceedings{ mazieres97secure,
    author = "David Mazi\`eres and M. Frans Kaashoek",
    title = "Secure Applications Need Flexible Operating Systems",
    booktitle = "Workshop on Hot Topics in Operating Systems",
    pages = "56--61",
    year = "1997",
    url = "citeseer.ist.psu.edu/mazieres97secure.html" }

@inproceedings{ drepper08closeexec,
  author = "Ulrich Drepper",
  title = "Secure File Descriptor Handling",
  booktitle = "LiveJournal",
  url = "http://udrepper.livejournal.com/20407.html",
  year = 08,
}
%  month = "August",

@inproceedings{bernstein07qmail,
 author = {Daniel J. Bernstein},
 title = {Some thoughts on security after ten years of qmail 1.0},
 booktitle = {CSAW},
 year = {2007},
 }

@inproceedings{dean04access,
 author = {Drew Dean and Alan J. Hu},
 title = {Fixing races for fun and profit: how to use access(2)},
 booktitle = {USENIX Security},
 year = {2004},
 pages = {14--26},
 }

@article{ zalewski01signals,
    author = {Michael Zalewski},
    title = {Delivering Signals for Fun and Profit},
    year={2001},
    url={http://lcamtuf.coredump.cx/signals.txt}
}

@article{ bishop96checking,
    author = "Matt Bishop and Michael Dilger",
    title = "Checking for Race Conditions in File Accesses",
    journal = "Computing Systems",
    volume = "9",
    number = "2",
    month = "Spring",
    pages = "131--152",
    year = "1996",
    url = "citeseer.ist.psu.edu/article/bishop96checking.html" }

@inproceedings{loscocco07,
 author = {Loscocco, Peter A. and Wilson, Perry W. and Pendergrass, J. Aaron and McDonell, C. Durward},
 title = {Linux kernel integrity measurement using contextual inspection},
 booktitle = {STC '07: Proceedings of the 2007 ACM workshop on Scalable trusted computing},
 year = {2007},
 }
@Comment  isbn = {978-1-59593-888-6},
@Comment  pages = {21--29},
@Comment  location = {Alexandria, Virginia, USA},
@Comment  doi = {http://doi.acm.org/10.1145/1314354.1314362},
@Comment  publisher = {ACM},
@Comment  address = {New York, NY, USA},

@inproceedings{scherer:adv-contention-mgmt:podc:2005,
  author	= {{{Scherer III}}, William N. and Scott, Michael L.},
  title		= {Advanced Contention Management for Dynamic Software Transactional Memory},
  booktitle	= {PODC},
  year		= {2005},
  pdf		= {http://www.cs.rochester.edu/u/scott/papers/2005_PODC_CM.pdf}
}

@article{herlihy90linear,
 author = {Maurice P. Herlihy and Jeannette M. Wing},
 title = {Linearizability: a correctness condition for concurrent objects},
 journal = {ACM TOPLAS},
 volume = {12},
 number = {3},
 year = {1990},
 }

@inproceedings{selinux,
  author= {P. Loscocco and S. Smalley},
  title = {Integrating flexible support for security policies into the {L}inux operating system},
  year = {2001},
  booktitle = {USENIX}
}

@MISC{Cowan98stackguard,
    author = {Crispin Cowan and Calton Pu and Dave Maier and Heather Hinton and Jonathan Walpole and Peat Bakke and Steve Beattie and Aaron Grier and Perry Wagle and Qian Zhang},
    title = {StackGuard: Automatic Adaptive Detection and Prevention of Buffer-Overflow Attacks},
    year = {1998}
}

@inproceedings{ raceguard,
    author = "Crispin Cowan and Steve Beattie and Chris Wright and Greg {Kroah-Hartman}",
    title = "{RaceGuard}: Kernel Protection From Temporary File Race Vulnerabilities",
    pages = "165--176",
  booktitle = "USENIX Security 2001",
    url = "citeseer.ist.psu.edu/cowan01raceguard.html" }

@inproceedings{ tsafrir08fast,
    author={ Dan Tsafrir and Tomer Hertz and David Wagner and Dilma Da Silva},
    title={Portably Solving File {TOCTTOU} Races with Hardness Amplification},
    year={2008},
    booktitle={FAST},
}
%    pages={189--206},
%    note = {Best paper award winner},
@INPROCEEDINGS{Bobba07performancepathologies,
    author = {Jayaram Bobba and Kevin E. Moore and Haris Volos and Luke Yen and Mark D. Hill and Michael M. Swift and David A. Wood},
    title = {Performance pathologies in Hardware Transactional Memory},
    booktitle = {In: Proceedings of the 34th Annual International Symposium on Computer Architecture. International Symposium on Computer Architecture},
    year = {2007},
    pages = {81--91}
}

@techreport{ tsafrir08tr,
    author={ Dan Tsafrir and Tomer Hertz and David Wagner and Dilma Da Silva},
    title={Portably Preventing File Race Attacks with User-Mode Path Resolution},
    year={2008},
    institution={IBM Research Report},
}


@article{ cert07iexplore,
  author={{CERT Vulnerability Database}},
  title={Microsoft Internet Explorer cross-domain frame race condition},
  year={2007},
  note={http://www.kb.cert.org/vuls/id/471361}
}

@article{ cert02zlib,
  author={{CERT Vulnerability Database}},
  title={Double Free Bug in zlib Compression Library},
  year={2002},
  note={http://www.cert.org/advisories/CA-2002-07.html}
}

@article{ cert06openssh,
  author={{CERT Vulnerability Database}},
  title={OpenSSH contains a race condition vulnerability},
  year={2006},
  note={http://www.kb.cert.org/vuls/id/851340}
}

@article{ nvd07x11,
  author={{National Vulnerability Database}},
  year={2007},
  note={http://nvd.nist.gov/nvd.cfm?cvename=CVE-2007-3103}
}

@misc(nvd,
	author="{NIST}",
	title="{National Vulnerability Database}",
        howpublished="\url{http://nvd.nist.gov/}",
	year="2008"
)

@misc{osi,
   title = {Open Source Initiative},
   howpublished="\url{http://www.opensource.org/}"
}

@article{ nvd08xwine,
  author={{National Vulnerability Database}},
  year={2008},
  note={http://nvd.nist.gov/nvd.cfm?cvename=CVE-2008-0930},
}



@article{ txf,
  author={Jason Olson},
  journal={{MSDN Magazine}},
  title={Enhance Your Apps With File System Transactions},
  month={July},
  year={2007},
  note={http://msdn2.microsoft.com/en-us/magazine/cc163388.aspx}
}

@article{mcphee74,
  author={McPhee, W. S.},
  title={Operating System Integrity in {OS}/{VS}2},
  journal={IBM Systems Journal},
  volume={13},
  number={3},
  year={1974},
  pages={230--252},
}

@inproceedings{tl2,
  author={Dice, Dave and Shalev, Ori and Shavit, Nir},
  title={Transactional Locking {II}},
  booktitle={DISC},
  year={2006},
  pages={194--208}
}
  
@inproceedings{gray78notes,
 author = {Jim Gray},
 title = {Notes on Data Base Operating Systems},
 booktitle = {Operating Systems, An Advanced Course},
 year = {1978},
 isbn = {3-540-08755-9},
 publisher = {Springer-Verlag},
 }
% pages = {393--481},


@inproceedings{hastm,
  author	= {Shriram, Arrvindh and Marathe, Virendra J. and Dwarkadas, Sandhya and Scott, Michael L. and Eisenstat, David and Heriot, Christopher and {{Scherer III}}, William N. and Spear, Michael F.},
  title		= {Hardware Acceleration of Software Transactional Memory},
  booktitle     = {TRANSACT},
  year		= {2006},
}

@inproceedings{ damron06asplos,
   title = "Hybrid Transactional Memory",
   author = "Peter Damron and Alexandra Fedorova and Yossi Lev and Victor Luchangco and Mark Moir and Dan Nussbaum",
   booktitle = "ASPLOS",
   year = 2006,
}
%   pages = "336-346",

@incollection{blundell05wddd,
  author	= {Blundell, Colin and Lewis, E Christopher and Martin, Milo M. K.},
  title		= {Deconstructing Transactions: The Subtleties of Atomicity},
  booktitle	= {Fourth Annual Workshop on Duplicating, Deconstructing, and Debunking},
  month		= {Jun},
  year		= {2005},
  pdf		= {http://www.cis.upenn.edu/acg/papers/wddd05_atomic_semantics.pdf}
}

@article{shpeisman07pldi,
 author = {Tatiana Shpeisman and Vijay Menon and Ali-Reza Adl-Tabatabai and Steven Balensiefer and Dan Grossman and Richard L. Hudson and Katherine F. Moore and Bratin Saha},
 title = {Enforcing isolation and ordering in {STM}},
 journal = {PLDI},
 year = {2007},
 issn = {0362-1340},
 doi = {http://doi.acm.org/10.1145/1273442.1250744},
 }
@article{hunt07rethink,
 author = {Hunt, Galen C. and Larus, James R.},
 title = {{Singularity: Rethinking the software stack}},
 journal = {SIGOPS Oper. Syst. Rev.},
 volume = {41},
 number = {2},
 year = {2007},
 }

@INPROCEEDINGS{hunt07sealingos,
    author = {Galen Hunt and Mark Aiken and Manuel F√§hndrich and Chris Hawblitzel and Orion Hodson and James Larus and Steven Levi and Bjarne Steensgaard and David Tarditi and Ted Wobber},
    title = {Sealing OS Processes to Improve Dependability and Safety},
    booktitle = {In Proc. 2nd EuroSys Conf},
    year = {2007},
    pages = {341--354}
}
% issn = {0163-5980},
% pages = {37--49},
% doi = {http://doi.acm.org/10.1145/1243418.1243424},
% publisher = {ACM},
% address = {New York, NY, USA},
@article{yang10safe,
 author = {Yang, Jean and Hawblitzel, Chris},
 title = {Safe to the last instruction: automated verification of a type-safe operating system},
 journal = {PLDI},
 year = {2010},
 }
% issn = {0362-1340},
% pages = {99--110},
% doi = {http://doi.acm.org/10.1145/1809028.1806610},
% publisher = {ACM},
% address = {New York, NY, USA},


@inproceedings{menon08transact,
 author = {V. Menon and S. Balensiefer and T. Shpeisma and A. Tabatabai and R. Hudson and B. Saha and A. Welc},
 title = "Single Global Lock Semantics in a Weakly Atomic {STM}",
 booktitle = {TRANSACT},
 year = {2008},
}

@inproceedings{simics,
  author = "P.S. Magnusson and M. Christianson and J. Eskilson et al.",
  title = "Simics: A full system simulation platform",
  booktitle = "IEEE Computer",
  month = "Feb",
  year = "2002",
}

        @misc(
wheeler,author="D.~Wheeler",
	title="Secure programmer: Prevent race conditions",
        howpublished="\url{http://www.ibm.com/developerworks/linux/library/l-sprace.html}",
	year=2004)

@inproceedings{wei07races,
 author = {Jinpeng Wei and Calton Pu},
 title = {Multiprocessors May Reduce System Dependability under File-Based Race Condition Attacks},
 booktitle = {DSN '07: Proceedings of the 37th Annual IEEE/IFIP International Conference on Dependable Systems and Networks},
 year = {2007},
 pages = {358--367},
 }

@inproceedings{tsyrklevich03,
 author = {Eugene Tsyrklevich and Bennet Yee},
 title = {Dynamic detection and prevention of race conditions in file accesses},
 booktitle = "\usenixsec{}",
 year = {2003},
}

@inproceedings{adltabatabai:efficient:pldi:2006,
  author	= {{Adl-Tabatabai}, Ali-Reza and Brian T. Lewis and Vijay Menon and Brian R. Murphy and Bratin Saha and Tatiana Shpeisman},
  title		= {Compiler and Runtime Support for Efficient Software Transactional Memory},
  booktitle	= {\pldi{}},
  month		= {Jun},
  year		= {2006},
  pages         = "26-37",
}	

@inproceedings{reviveio,
  author	= {J. Nakano and P. Montesinos and K. Gharachorloo and J. Torrellas},
  title		= { Re{V}ive{I/O}: {E}fficient handling of {I/O} in highly-available rollback-recovery servers},
  booktitle	= "HPCA",
  month		= {Feb},
  year		= {2006}
}	

@inproceedings{rx,
  author	= {Feng Qin and Joseph Tucek and Jagadeesan Sundaresan and Yuanyuan Zhou },
  title		= {Rx: Treating Bugs As Allergies---{A} Safe Method to Survive Software Failures},
  booktitle	= "SOSP",
  month		= {Oct},
  year		= {2005}
}

@article{vandebogart+asbestos,
 author = {S. Vandebogart and P. Efstathopoulos and E. Kohler and M. Krohn and C. Frey and D. Ziegler and F. Kaashoek and R. Morris and D. Mazi\`{e}res},
 title = {Labels and event processes in the {Asbestos} operating system},
 journal = {ACM Trans. Comput. Syst.},
 volume = {25},
 number = {4},
 year = {2007},
 issn = {0734-2071},
 pages = {11},
 publisher = {ACM},
 address = {New York, NY, USA},
 }

@misc(firefox,
	title="Mozilla Firefox",
        howpublished="\url{http://www.mozilla.com/en-US/firefox/}",
)

@misc(zlib,
	title="zlib Compression Library",
        howpublished="\url{http://www.zlib.net}",
)

@misc(lynx,
	title="Lynx Web Browser",
        howpublished="\url{http://lynx.isc.org}",
)

@misc(evolution,
	title="Evolution",
        howpublished="\url{http://www.gnome.org/projects/evolution/}",
)

@misc(emacs,
     title="GNU Emacs",
     howpublished="\url{http://www.gnu.org/software/emacs}",
)

@misc(svn,
     title="Subversion",
     howpublished="\url{http://subversion.tigris.org}",
)

@misc(ext3,
     title="Ext3, Journaling Filesystem",
     howpublished="\url{http://olstrans.sourceforge.net/release/OLS2000-ext3/OLS2000-ext3.html}",
     author="Stephen Tweedie",
)


@inproceedings{swift03nooks,
 author = {Michael M. Swift and Brian N. Bershad and Henry M. Levy},
 title = {Improving the reliability of commodity operating systems},
 booktitle = {SOSP},
 year = {2003},
 isbn = {1-58113-757-5},
 location = {Bolton Landing, NY, USA},
 doi = {http://doi.acm.org/10.1145/945445.945466},
 }

@article{witchel05mondrix,
 author = {Emmett Witchel and Junghwan Rhee and Krste Asanovi\'{c}},
 title = {Mondrix: memory isolation for linux using mondriaan memory protection},
 journal = {SOSP},
 year = {2005},
 issn = {0163-5980},
 }

@inproceedings{hammond04a,
  author = "L. Hammond and V. Wong and M. Chen and B. Carlstrom and J. Davis and B. Hertzberg and M. Prabhu and H. Wijaya and C. Kozyrakis and K. Olukotun",
  title = "Transactional Memory Coherence and Consistency",
  booktitle = "ISCA",
  year = "June 2004",
}
@inproceedings{ cheriton95logged,
    author = "David R. Cheriton and Kenneth J. Duda",
    title = "Logged Virtual Memory",
    booktitle = "SOSP",
    pages = "26-39",
    year = "1995",
    url = "citeseer.ist.psu.edu/cheriton95logged.html" }

@article{ satyanarayanan94lightweight,
    author = "M. Satyanarayanan and Henry H. Mashburn and Puneet Kumar and David C. Steere and James J. Kistler",
    title = "Lightweight Recoverable Virtual Memory",
    journal = "ACM Transactions on Computer Systems",
    volume = "12",
    number = "1",
    pages = "33--57",
    year = "1994",
    url = "citeseer.ist.psu.edu/article/satyanarayanan94lightweight.html" }

@article{wright07acid,
 author = {Charles P. Wright and Richard Spillane and Gopalan Sivathanu and Erez Zadok},
 title = {Extending {ACID} semantics to the file system},
 journal = {Trans. Storage},
 volume = {3},
 number = {2},
 year = {2007},
 issn = {1553-3077},
 pages = {4},
 doi = {http://doi.acm.org/10.1145/1242520.1242521},
 publisher = {ACM},
 address = {New York, NY, USA},
 }

@inproceedings{herlihy08boosting,
 author = {Maurice Herlihy and Eric Koskinen},
 title = {Transactional boosting: {A} methodology for highly-concurrent transactional objects},
 booktitle = {PPoPP},
 year = {2008},
 isbn = {978-1-59593-795-7},
 location = {Salt Lake City, UT, USA},
 doi = {http://doi.acm.org/10.1145/1345206.1345237},
 }

@inproceedings{ rstm,
    author = {V. Marathe and M. Spear and C. Heriot and A. Acharya and D. Eisenstat and W. Scherer III and M. Scott},
    title = {Lowering the Overhead of Nonblocking Software Transactional Memory},
    booktitle = {TRANSACT},
    year = {2006},
}

@inproceedings{dstm,
 author = {Maurice Herlihy and Victor Luchangco and Mark Moir and William N. Scherer, III},
 title = {Software transactional memory for dynamic-sized data structures},
 booktitle = {PODC},
 year = {2003},
 isbn = {1-58113-708-7},
 location = {Boston, Massachusetts},
 doi = {http://doi.acm.org/10.1145/872035.872048},
 }



@inproceedings{featherstitch,
 author = {Christopher Frost and Mike Mammarella and Eddie Kohler and Andrew de los Reyes and Shant Hovsepian and Andrew Matsuoka and Lei Zhang},
 title = {Generalized file system dependencies},
 booktitle = {SOSP},
 year = {2007},
 }

@Book{bovet05,
  title = "Understanding the {L}inux Kernel",
  author = "D. Bovet and M. Cesati",
  publisher = "O'Reilly Media, Inc.",
  year = "2005",
  edition = "3rd",
}
@inproceedings{zhou06safedrive,
 author = {Feng Zhou and Jeremy Condit and Zachary Anderson and Ilya Bagrak and Rob Ennals and Matthew Harren and George Necula and Eric Brewer},
 title = {Safe{D}rive: {S}afe and recoverable extensions using language-based techniques},
 booktitle = {OSDI},
 year = {2006},
}
@inproceedings{sears06stasis,
 author = {Russell Sears and Eric Brewer},
 title = {Stasis: {F}lexible transactional storage},
 booktitle = {OSDI},
 year = {2006},
}

@incollection{caominh:hybrid:isca:2007,
  author        = {Cao Minh, Chi and Trautmann, Martin and Chung, JaeWoong and McDonald, Austen and Bronson, Nathan and Casper, Jared and Kozyrakis, Christos and Olukotun, Kunle},
  title         = {An Effective Hybrid Transactional Memory System with Strong Isolation Guarantees},
  booktitle     = {ISCA},
  month         = {Jun},
  year          = {2007}
}

@inproceedings{hoard,
 author = {Emery D. Berger and Kathryn S. McKinley and Robert D. Blumofe and Paul R. Wilson},
 title = {Hoard: a scalable memory allocator for multithreaded applications},
 booktitle = {ASPLOS},
 year = {2000},
 }

@article{googlefs,
 author = {Sanjay Ghemawat and Howard Gobioff and Shun-Tak Leung},
 title = {The Google file system},
 journal = {SOSP},
 year = {2003},
 }

@article{tocttou-truck,
 author = {Xiang Cai and Yuwei Gui and Rob Johnson},
 title = {Exploiting Unix File-System Races via Algorithmic Complexity Attacks},
 journal = {Oakland},
 year = {2009},
 pages = {27--41},
 }

@misc{ ssh-exploit,
  note={http://www.employees.org/\~{}satch/ssh/faq/\\TheWholeSSHFAQ.html},
}

@misc{ plash-exploit,
  note={http://plash.beasts.org/wiki/PlashIssues/\\ConnectRaceCondition},
}

@misc{ plash-limits,
  key = {Plash},
  title = {Plash Limitations},
  note = {\url{http://plash.beasts.org/wiki/PlashLimitations}},
}

@phdthesis{mckenney04rcu,
    author = "Paul E. McKenney",
    title = "Exploiting Deferred Destruction: An Analysis of Read-Copy Update Techniques in Operating System Kernels",
    year = "2004",
}


@article{spillane09fast,
 author = {Richard Spillane and Sachin Gaikwad and Manjunath Chinni and Erez Zadok and Charles P. Wright},
 title = {Enabling Transactional File Access via Lightweight Kernel Extensions},
 journal = {\fast{}},
 year = {2009},
 pages = {29--42},
 }

@inproceedings{roy10nsdi,
 author = "Indrajit Roy and Srinath Setty and Ann Kilzer and Vitaly Shmatikov and Emmett Witchel",
 title = {Airavat: Security and Privacy for {M}ap{R}educe},
  booktitle = {\nsdi{}},
 year = 2010,
 month = {April},
}
@inproceedings{porter10ispass,
 author = "Donald E. Porter and Emmett Witchel",
 title = {Understanding Transactional Memory Performance},
 booktitle = {\ispass{}},
 year = 2010,
 pages = {97--108},
}
%


@inproceedings{ rossbach10ppopp,
    author = "Christopher J. Rossbach and Owen S. Hofmann and Emmett Witchel",
    title = {Is Transactional Memory Programming Actually Easier?},
 booktitle = "Proceedings of the 15th ACM SIGPLAN Symposium on Principles and Practice of Parallel Programming (PPoPP)",
 year = 2010,
 month = {January},
}
@article{ ramadan09datm,
   author = "Hany E. Ramadan and Indrajit Roy and Maurice Herlihy and Emmett Witchel",
   title = "Committing Conflicting Transactions in an {STM}",
   journal = {PPoPP},
   year = 2009
}


@article{rosenblum92thedesign,
    author = {Mendel Rosenblum and John K. Ousterhout},
    title = {The Design and Implementation of a Log-Structured File System},
    journal = {ACM Transactions on Computer Systems},
    year = {1992},
    volume = {10},
    pages = {1--15}
}

@inproceedings{seltzer90vldb,
 author = {Seltzer,, Margo and Stonebraker,, Michael},
 title = {Transaction support in read optimized and write optimized file systems},
 booktitle = {VLDB},
 year = {1990},
 }
@Comment  booktitle = {Proceedings of the sixteenth international conference on Very large databases},
@Comment  isbn = {0-55860-149-X},
@Comment  pages = {174--185},
@Comment  location = {Brisbane, Australia},
@Comment  publisher = {Morgan Kaufmann Publishers Inc.},
@Comment  address = {San Francisco, CA, USA},


@inproceedings{selzter93txsupport,
 author = {Seltzer, Margo I.},
 title = {Transaction Support in a Log-Structured File System},
 booktitle = {\icde{}},
 pages = {503--510},
 year = {1993},
}
@Comment  isbn = {0-8186-3570-3},
@Comment  pages = {503--510},
@Comment  publisher = {IEEE Computer Society},
@Comment  address = {Washington, DC, USA},

@MISC{murphy02thedesign,
    author = {Nick Murphy and Mark Tonkelowitz and Mike Vernal},
    title = {The design and implementation of the database file system},
    year = {2002}
}

@inproceedings{cornell04wayback,
 author = {Cornell,, Brian and Dinda,, Peter A. and Bustamante,, Fabi\'{a}n E.},
 title = {Wayback: a user-level versioning file system for linux},
 booktitle = {ATEC},
 year = {2004},
 }

@inproceedings{gal05transactional,
 author = {Gal,, Eran and Toledo,, Sivan},
 title = {A transactional flash file system for microcontrollers},
 booktitle = {\usenixatc{}},
 year = {2005},
 pages = {89--104}
}

@inproceedings{odefs,
    author = {N. Gehani and H. V. Jagadish and W. D. Roome},
    title = {OdeFS: A File System Interface to an Object-Oriented Database},
    booktitle = {VLDB},
    year = {1994},
}


@inproceedings{inversion,
  AUTHOR = {M. A. Olson},
  TITLE = {The Design and Implementation of the Inversion File System},
  YEAR = 1993,
  BOOKTITLE = {USENIX},
}

@inproceedings{stonebraker87postgres,
    author = {Michael Stonebraker},
    title = {The Design of the Postgres Storage System},
    booktitle = {},
    year = {1987},
    pages = {289--300}
}

@article{systemrestore,
    author = {Microsoft},
    title = {What is System Restore},
    year={2008},
    note={http://support.microsoft.com/kb/959063}
}


@inproceedings{sidiroglou07,
author = {Sidiroglou,, Steglios and Ioannidi,, Sotiris and Keromytis,, Angelos D.},
title = {Band-aid Patching},
booktitle = {HotDep},
year = {2007}
}


@inproceedings{autobash,
 author = {Su, Ya-Yunn and Attariyan, Mona and Flinn, Jason},
 title = {AutoBash: improving configuration management with operating system causality analysis},
 booktitle = SOSP,
 year = {2007},
 }

@inproceedings{speck,
 author = {Nightingale,, Edmund B. and Peek,, Daniel and Chen,, Peter M. and Flinn,, Jason},
 title = {Parallelizing security checks on commodity hardware},
 booktitle = {ASPLOS},
 year = {2008},
 }

@inproceedings{xcalls,
 author = {Volos,, Haris and Tack,, Andres Jaan and Goyal,, Neelam and Swift,, Michael M. and Welc,, Adam},
 title = {x{C}alls: {S}afe {I}/{O} in memory transactions},
 booktitle = {EuroSys},
 year = {2009},
 }

@article{pugh90skiplist,
    author = {William Pugh},
    title = {Skip lists: a probabilistic alternative to balanced trees},
    journal = {Communications of the ACM},
    year = {1990},
    volume = {33},
    pages = {668--676}
}

@article{papadimitriou:serializability,
 author = {C. Papadimitriou},
 title = {The serializability of concurrent database updates},
 journal = {J. ACM},
 volume = {26},
 number = {4},
 year = {1979},
 issn = {0004-5411},
 pages = {631--653},
 doi = {http://doi.acm.org/10.1145/322154.322158},
 publisher = {ACM Press},
 address = {New York, NY, USA},
 }

@inproceedings{stamp,
  title = "STAMP: Stanford Transactional Applications for Multi-processing.",
  author = "C. Cao Minh and J. Chung and C. Kozyrakis and K. Olukotun.",
  booktitle = "IISWC",
  year = {2008},
}

@article{stacksmashingdefense,
  author = {{Aleph One}},
  journal = {Phrack},
  month = {Nov},
  number = {49},
  title = {Smashing The Stack For Fun And Profit},
  url = {http://www.phrack.org/phrack/49/P49-14},
  volume = {7},
  year = {1996}
}

@inproceedings{netbackdoors,
  author = {J. Rutkowska},
  title = {Linux Kernel Backdoors And Their Detection},
  booktitle = {ITUnderground},
  month = {Oct},
  year = {2004}
}

@inproceedings{zeldovich+histar,
 author = {Nickolai Zeldovich and Silas Boyd-Wickizer and Eddie Kohler and David Mazi\`{e}res},
 title = {Making information flow explicit in {H}i{S}tar},
 booktitle = {\osdi{}},
 year = {2006},
 pages = {19--19},
 }

@inproceedings{krohn+flume,
 author = {M. Krohn and A. Yip and M. Brodsky and N. Cliffer and M. F. Kaashoek and E. Kohler and R. Morris},
 title = {Information flow control for standard {OS} abstractions},
 booktitle = {\sosp{}},
 year = {2007},
 }

@inproceedings{ccs07:petroni-hicks,
 author = {Petroni,Jr., Nick L. and Hicks, Michael},
 title = {Automated detection of persistent kernel control-flow attacks},
 booktitle = {\ccs{}},
 year = {2007},
 isbn = {978-1-59593-703-2},
 pages = {103--115},
 location = {Alexandria, Virginia, USA},
 doi = {http://doi.acm.org/10.1145/1315245.1315260},
 publisher = {ACM},
 }

@inproceedings{ccs09:hooksafe,
 author = {Wang, Zhi and Jiang, Xuxian and Cui, Weidong and Ning, Peng},
 title = {Countering kernel rootkits with lightweight hook protection},
 booktitle = {CCS '09: Proceedings of the 16th ACM conference on Computer and communications security},
 year = {2009},
 isbn = {978-1-60558-894-0},
 pages = {545--554},
 location = {Chicago, Illinois, USA},
 doi = {http://doi.acm.org/10.1145/1653662.1653728},
 publisher = {ACM},
 address = {New York, NY, USA},
 }

@article{kernelguard,
author = {Junghwan Rhee and Ryan Riley and Dongyan Xu and Xuxian Jiang},
title = {Defeating Dynamic Data Kernel Rootkit Attacks via VMM-Based Guest-Transparent Monitoring},
journal ={Availability, Reliability and Security, International Conference on},
volume = {0},
isbn = {978-0-7695-3564-7},
year = {2009},
pages = {74-81},
doi = {http://doi.ieeecomputersociety.org/10.1109/ARES.2009.116},
publisher = {IEEE Computer Society},
address = {Los Alamitos, CA, USA}
}

@Techreport{livedm,
title = "Live{DM}: Temporal Mapping of Dynamic Kernel Memory for Dynamic Kernel Malware Analysis and Debugging",
author = "Junghwan Rhee, Dongyan Xu",
year = "2010",
month = "2",
day = "1"
}

@inproceedings{cfi,
 author = {Abadi, Mart\'{\i}n and Budiu, Mihai and Erlingsson, \'{U}lfar
and Ligatti, Jay},
 title = {Control-flow integrity},
 booktitle = {CCS '05: Proceedings of the 12th ACM conference on Computer
and communications security},
 year = {2005},
 isbn = {1-59593-226-7},
 pages = {340--353},
 location = {Alexandria, VA, USA},
 doi = {http://doi.acm.org/10.1145/1102120.1102165},
 publisher = {ACM},
 address = {New York, NY, USA},
 }

@inproceedings{McVoy:lmbench,
 author = {McVoy, Larry and Staelin, Carl},
 title = {lmbench: Portable tools for performance analysis},
 booktitle = {\usenixatc{}},
 year = {1996},
 pages = {23--23},
 }

@inproceedings{secvisor,
 author = {Seshadri, Arvind and Luk, Mark and Qu, Ning and Perrig, Adrian},
 title = {SecVisor: a tiny hypervisor to provide lifetime kernel code integrity for commodity OSes},
 booktitle = {SOSP '07: Proceedings of twenty-first ACM SIGOPS symposium on Operating systems principles},
 year = {2007},
 isbn = {978-1-59593-591-5},
 pages = {335--350},
 location = {Stevenson, Washington, USA},
 doi = {http://doi.acm.org/10.1145/1294261.1294294},
 publisher = {ACM},
 address = {New York, NY, USA},
 }

@book{hoglund:rootkits,
 author = {Hoglund, Greg and Butler, Jamie},
 title = {Rootkits: Subverting the Windows Kernel},
 year = {2005},
 isbn = {0321294319},
 publisher = {Addison-Wesley Professional},
 }

@INPROCEEDINGS{cil,
    author = {George C. Necula and Scott Mcpeak and S. P. Rahul and Westley Weimer},
    title = {{CIL}: Intermediate Language and Tools for Analysis and Transformation of {C} Programs},
    booktitle = {\cc{}},
    year = {2002},
    pages = {213--228}
}

@INPROCEEDINGS{garfinkel03livewire,
    author = {Tal Garfinkel and Mendel Rosenblum},
    title = {A Virtual Machine Introspection Based Architecture for Intrusion Detection},
    booktitle = {Procedings of the Network and Distributed Systems Security Symposium},
    year = {2003},
    pages = {191--206}
}

@article{return-to-libc,
    author = {{Solar Designer}},
    title = {Getting around non-executable stack (and fix)},
    year={1997},
    note={http://seclists.org/bugtraq/1997/Aug/63}
}

@inproceedings{return-oriented,
    author = {Hovav Shacham},
    title = {The Geometry of Innocent Flesh on the Bone:
                  Return-into-libc without Function Calls (on the
                  {x86})},
    booktitle = {\ccs{}},
    month = Oct,
    year = 2007,
    pages = {552-561}
}

@INPROCEEDINGS{return-oriented-rootkits,
    author = {Ralf Hund and Thorsten Holz and Felix C. Freiling},
    title = {Return-oriented rootkits: Bypassing kernel code integrity protection mechanisms},
    booktitle = {Proceedings of the 18th {USENIX} Security Symposium},
    year = {2009}
}

@article{spec2006,
 author = {Henning, John L.},
 title = {SPEC CPU2006 benchmark descriptions},
 journal = {SIGARCH Comput. Archit. News},
 volume = {34},
 number = {4},
 year = {2006},
 issn = {0163-5964},
 pages = {1--17},
 doi = {http://doi.acm.org/10.1145/1186736.1186737},
 publisher = {ACM},
 address = {New York, NY, USA},
 }


@article{spec2006WSS,
 author = {Gove, Darryl},
 title = {CPU2006 working set size},
 journal = {SIGARCH Comput. Archit. News},
 volume = {35},
 number = {1},
 year = {2007},
 issn = {0163-5964},
 pages = {90--96},
 doi = {http://doi.acm.org.ezproxy.lib.utexas.edu/10.1145/1241601.1241619},
 publisher = {ACM},
 address = {New York, NY, USA},
 }

@inproceedings{TxOS,
 author = {Porter, Donald E. and Hofmann, Owen S. and Rossbach, Christopher J. and Benn, Alexander and Witchel, Emmett},
 title = {Operating system transactions},
 booktitle = {\sosp{}},
 year = {2009},
 pages = {161--176},
 }
% 


@misc{lguest,
 author = {Rusty Russell},
 title = {Lguest: The Simple x86 Hypervisor},
 howpublished="\url{http://lguest.ozlabs.org}",
}

@MISC{vmware_vmi,
    author = {Zach Amsden and Daniel Arai and Daniel Hecht and Anne Holler and Pratap Subrahmanyam and Vmware Inc},
    title = {VMI: An Interface for Paravirtualization},
    year = {}
}

@inproceedings{slaballoc,
   author = {Bonwick, Jeff},
   title = {The slab allocator: an object-caching kernel memory allocator},
   booktitle = {USTC'94: Proceedings of the USENIX Summer 1994 Technical
      Conference on USENIX Summer 1994 Technical Conference},
   year = {1994},
   pages = {6--6},
   location = {Boston, Massachusetts},
   publisher = {USENIX Association},
   address = {Berkeley, CA, USA},
}

@misc{rootkits,
   author = {Alisa Shevchenko},
   title = {Rootkit evolution},
   howpublished =
"\url{http://www.securelist.com/en/analysis?pubid=204792016}"
}

@inproceedings{cfi1,
 author = {Abadi, Mart\'{\i}n and Budiu, Mihai and Erlingsson, \'{U}lfar and Ligatti, Jay},
 title = {Control-flow integrity},
 booktitle = {CCS '05: Proceedings of the 12th ACM conference on Computer and communications security},
 year = {2005},
 isbn = {1-59593-226-7},
 pages = {340--353},
 location = {Alexandria, VA, USA},
 doi = {http://doi.acm.org/10.1145/1102120.1102165},
 publisher = {ACM},
 address = {New York, NY, USA},
 }

@inproceedings{data-int1,
 author = {Baliga, Arati and Kamat, Pandurang and Iftode, Liviu},
 title = {Lurking in the Shadows: Identifying Systemic Threats to Kernel Data},
 booktitle = {SP '07: Proceedings of the 2007 IEEE Symposium on Security and Privacy},
 year = {2007},
 isbn = {0-7695-2848-1},
 pages = {246--251},
 doi = {http://dx.doi.org/10.1109/SP.2007.25},
 publisher = {IEEE Computer Society},
 address = {Washington, DC, USA},
 }

@INPROCEEDINGS{data-int2,
    author = {Shuo Chen and Jun Xu and Emre C. Sezer and Prachi Gauriar and Ravishankar K. Iyer},
    title = {Non-control-data attacks are realistic threats},
    booktitle = {In USENIX Security Symposium},
    year = {2005},
    pages = {177--192}
}

@inproceedings{data-int3,
  author    = {Anthony Cozzie and
               Frank Stratton and
               Hui Xue and
               Samuel T. King},
  title     = {Digging for Data Structures},
  booktitle = {OSDI},
  year      = {2008},
  pages     = {255-266},
  ee        = {http://www.usenix.org/events/osdi08/tech/full_papers/cozzie/cozzie.pdf},
  bibsource = {DBLP, http://dblp.uni-trier.de}
}

@misc{sloccount,
  author = {David Wheeler},
  title = {SLOCcount},
  url = {http://www.dwheeler.com/sloccount/},
  year = 2009,
  keywords = {Software tool}
}

@inproceedings{blundell07isca,
 author = {Colin Blundell and Joe Devietti and E. Christopher Lewis and Milo M. K. Martin},
 title = {Making the fast case common and the uncommon case simple in unbounded transactional memory},
 booktitle = {International Symposium on Computer Architecture (ISCA)},
 year = {2007},
 pages = {24--34},
 }

@inproceedings{witchel05sosp,
  author = "Emmett Witchel and Jungwhan Rhee and Krste Asanovi\'c",
  title = {Mondrix: Memory Isolation for {L}inux using {M}ondriaan Memory Protection},
  booktitle = {SOSP},
  month = "October",
  year = 2005,
}
@inproceedings{witchel96embra,
    author = "Emmett Witchel and Mendel Rosenblum",
    title = {Embra: Fast and Flexible Machine Simulation},
    booktitle = {ACM Conference on Measurement and Modeling of Computer Systems (SIGMETRICS)},
    pages = "68-79",
    year = "1996",
    note = "12p (citeseer 98:1.56) 22\% gcite:230 (used in Illinois CS 598 Spring 2007, CS 423 Fall 2008)",
    url = "citeseer.nj.nec.com/witchel96embra.html" }

@inproceedings{rosenblum95sosp,
  author = "Mendel Rosenblum and Edouard Bugnion and Stephen A. Herrod and Emmett Witchel and Anoop Gupta",
  title = {The Impact of Architectural Trends on Operating System Performance},
  booktitle = {SOSP},
  month = "December",
  year = 1995,
}
@inproceedings {rosenblum95comp,
   author = "Mendel Rosenblum and Stephen A. Herrod and Emmett Witchel and Anoop Gupta",
   title = {Complete Computer Simulation: The {S}im{OS} Approach}, 
   booktitle = "IEEE Parallel and Distributed Technology",
   year = 1995,
   note = "10p gcite:479"
}


@InProceedings{mazieres99sosp,
  author = 	 {David {Mazi\`eres} and Michael Kaminsky
		  and M. Frans Kaashoek and Emmett Witchel},
  title = 	 {Separating Key Management from File System Security},
  pages =	 {124--139},
 booktitle = "Proceedings of the 17th ACM Symposium on Operating Systems Principles (SOSP)",
  year = 1999,
}
@inproceedings{ha07pldi,
 author = "Jungwoo Ha and Christopher J. Rossbach and Jason V. Davis and Indrajit Roy and Hany E. Ramadan and Donald E. Porter and David L. Chen and Emmett Witchel",
 title = {Improved Error Reporting for Software that Uses Black-Box
                  Components},
  booktitle = {\pldi{}},
 pages = {101--111},
 year = {2007},
}
% 
%address =  "San Diego, CA",

@inproceedings{ramadan08micro,
  author = "H. Ramadan and C. Rossbach and E. Witchel",
  title = "Dependence-Aware Transactions for Increased Concurrency",
  booktitle	= {MICRO www.cs.utexas.edu/~ramadan/micro41.pdf},
  month = "Nov",
  year = 2008
}

@inproceedings{brickell07ccs,
 author = "Justin Brickell and Donald E. Porter and Vitaly Shmatikov and Emmett Witchel",
 title = {Privacy-preserving Software Diagnostics},
  booktitle = {\ccs{}},
 year = 2007,
 pages = {498--507},
}
% 
% address = "Alexandria, VA",

@inproceedings{ramadan07isca,
 author = "Hany E. Ramadan and Christopher J. Rossbach and Donald E. Porter and Owen Hofmann and Aditdya Bhandari and Emmett Witchel",
 title = {{M}eta{TM}/{T}x{L}inux: Transactional Memory For An Operating System},
 booktitle = "\isca{}",
 year = 2007,
 pages = {92--103},
}
@inproceedings{ porter07hotos,
    author = "Donald E. Porter and Owen S. Hofmann and Emmett Witchel",
    title = {Is The Optimism in Optimistic Concurrency Warranted?},
    booktitle = {\hotos{}},
    year = "2007",
}

%  

@inproceedings{wolchok10ndss,
    author = "Scott Wolchok and Owen S. Hofmann and Nadia Heninger and Edward W. Felten and J. Alex Halderman and Christopher J. Rossbach and Brent Waters and Emmett Witchel",
    title = {Defeating Vanish with Low-Cost Sybil Attacks Against Large DHTs},
 booktitle = "Proceedings of the 15th ACM SIGPLAN Symposium on Principles and Practice of Parallel Programming (PPoPP)",
 year = 2010,
 month = {January},
}

@inproceedings{roy09pldi,
 author = "Indrajit Roy and Donald E. Porter and Michael D. Bond and Kathryn S. McKinley and Emmett Witchel",
 title = {Laminar: Practical Fine-Grained Decentralized Information Flow Control},
  booktitle = {\pldi{}},
 year = 2009,
 pages = {63--74},
}
% 


@inproceedings{roy11toplas,
 author = "Indrajit Roy and Donald E. Porter and Michael D. Bond and Kathryn S. McKinley and Emmett Witchel",
 title = {Laminar: Practical Fine-Grained Decentralized Information Flow Control},
 booktitle = {Under Submission to TOPLAS},
 year = 2012,
}
% pages = {63--74},

@inproceedings{porter12list,
 author = "Donald E. Porter and Nehal Bandi and William Jannen and Oliver Jensen and Chia-Che Tsai",
 title = {Concurrent, Composable Modifications of Versioned Lists},
 booktitle = {Under Submission to PACT},
 year = 2012,
}


@inproceedings{ramadan09transact,
 author = "Hany E. Ramadan and Emmett Witchel",
 title = {The Xfork in the Road to Coordinated Sibling Transactions},
 booktitle = "Proceedings of the 4th Workshop on Transactional Computing (TRANSACT)",
 year = 2009,
 month = "February",
 address =  "Raleigh, NC",
}
% note = "11p 39\%",

@inproceedings{ramadan09ppopp,
 author = "Hany E. Ramadan and Indrajit Roy and Maurice Herlihy and Emmett Witchel",
 title = {Committing Conflicting Transactions in an {STM}},
 booktitle = "Proceedings of the 14th ACM SIGPLAN Symposium on Principles and Practice of Parallel Programming (PPoPP)",
 year = 2009,
 month = {February},
}
@inproceedings{rossbach08cacm,
 author = "Christopher J. Rossbach and Hany E. Ramadan and Owen S. Hofmann and Donald E. Porter and Aditya Bhandari and Emmett Witchel",
 title = {Tx{L}inux and {M}eta{TM}: Transactional Memory and the Operating System},
 booktitle = {\cacm{}},
 year = 2008,
 month = "September",
 pages = {83--91},
}

@inproceedings{ramadan08toppicks,
 author = "Hany E. Ramadan and Christopher J. Rossbach and Donald E. Porter and Owen S. Hofmann and Aditya Bhandari and Emmett Witchel",
 title = {{M}eta{TM}/Tx{L}inux: Transactional Memory For An Operating System},
 booktitle = "IEEE Micro Top Picks in Computer Architecture 2007",
 year = 2008,
 month = "January",
 pages = {42--51},
}

@inproceedings{hofmann09asplos,
 author = "Owen S. Hofmann and Christopher J. Rossbach and Emmett Witchel",
 title = {Maximum Benefit from a Minimal HTM},
  booktitle = {Proceedings of the Fourteenth International Conference on
 Architectural Support for Programming Languages and Operating Systems (ASPLOS)},
 year = 2009,
 month = {March},
}

@inproceedings{ rossbach09wddd,
    author = "Christopher J. Rossbach and Owen S. Hofmann and Emmett Witchel",
    title = {Is Transactional Memory Programming Actually Easier?},
    booktitle = {The  8th Annual Workshop on Duplicating, Deconstructing, and Debunking ({WDDD})},
    year = "2009",
}
@inproceedings{ porter09hotos,
    author = "Donald E. Porter and Emmett Witchel",
    title = {Operating Systems Should Provide Transactions},
    booktitle = {\hotos{}},
    year = "2009",
}
%


@inproceedings{ramadan06txlinux,
  author = "H. Ramadan and C. Rossbach and E. Witchel",
  title = "The {L}inux Kernel: A Challenging Workload for Transactional Memory",
  booktitle	= {Workshop on Transactional Memory Workloads},
  month = "June",
  year = 2006
}
@inproceedings{rossbach07sosp,
 author = "Christopher J. Rossbach and Owen S. Hofmann and Donald E. Porter and  Hany E. Ramadan and Aditya Bhandari and Emmett Witchel",
 title = {Tx{L}inux: Using and Managing Transactional Memory in an Operating System},
 booktitle = {\sosp{}},
  pages = {87--102},
 year = {2007},
}
% month = "October",
% address =  "Stevenson, WA",

@inproceedings{zeldovich+dstar,
 author = {Zeldovich,, N. and Boyd-Wickizer,, S. and Mazi\`{e}res,, D.},
 title = {Securing distributed systems with information flow control},
 booktitle = {NSDI},
 year = {2008},
 }


@inproceedings{ witchel09wddd,
    author = "Emmett Witchel",
    title = {Considerations for Mondriaan-like Systems},
    booktitle = {The  8th Annual Workshop on Duplicating, Deconstructing, and Debunking ({WDDD})},
    year = "2009",
}

@phdthesis{ witchel04thesis,
    author = "Emmett Witchel",
    title = {Mondriaan Memory Protection},
    school = {Massachussetts Institute of Technology},
    Month = "January",
    year = "2004",
    note = "135p",
}
@inproceedings{ witchel03:mmphotos,
    author = "Emmett Witchel and Krste Asanovi\'c",
    title = {Hardware works, Software doesn't: Enforcing modularity with Mondriaan memory protection},
    booktitle = {The 9th Workshop on Hot Topics in Operating Systems (HotOS)},
    year = "2003",
}
@InProceedings{witchel02asplos,
  author =       {Emmett Witchel and Josh Cates and Krste Asanovi\'c},
  title =        {Mondrian Memory Protection},
  booktitle =    {Proceedings of the Tenth ACM International Conference on Architectural Support for Programming Lnaguages and Operating Systems (ASPLOS-X)},
  month = "October",
  year  = "2002",
}

@inproceedings{myers+liskov,
  author =	 "A. C. Myers and B. Liskov",
  title =	 "A Decentralized Model for Information Flow Control",
  booktitle =	 {\sosp{}},
  month =	 Oct,
  year =	 1997,
  pages =	 "129--142"
}

@unpublished{jif,
  author =	 "A. C. Myers and N. Nystrom and L. Zheng and
                  S. Zdancewic",
  title =	 "{Jif}: {J}ava Information Flow",
  note =	 "Software release. http://www.cs.cornell.edu/jif",
  month =	 jul,
  year =	 2001
}


@misc{nestedpagetables,
   author = {AMD},
   title = {{AMD-V Nested Paging}},
   howpublished = {White Paper, AMD: \url{http://developer.amd.com/assets/NPT-WP-1\%201-final-TM.pdf}},
   year = {2008},
   month = {July},
}

@misc{VT-d,
  author = {Thomas Wolfgang Burger},
  title = {{Intel Virtualization Technology for Directed I/O (VT-d): Enhancing Intel platforms for efficient virtualization of I/O devices}},
  year = {2009},
  month = {February},
  howpublished = {\url{http://software.intel.com/en-us/articles/intel-virtualization-technology-for-directed-io-vt-d-enhancing-intel-platforms-for-efficient-virtualization-of-io-devices/}},
}

@misc{TPM,
 author = {Trusted Computing Group},
 title = {Trusted Platform Module ({TPM}) Main Specifications},
howpublished = {\url{ http://www.trustedcomputinggroup.org/resources/tpm_main_specification}},
}

@misc{ASF,
   author = {AMD},
  title = {Advanced Synchronization Facility Proposed Architectural Specification},
  year = {2009},
  month = {March},
howpublished = {\url{http://developer.amd.com/assets/45432-ASF_Spec_2.1.pdf}},
}

@misc{vmware-view,
  author = {VMware},
  title = {VMware View 4: Built for Desktops},
  howpublished = {Brochure: \url{http://www.vmware.com/files/pdf/VMware-View-4-DS-EN.pdf}},
  year = {2009}
}

@inproceedings{zeldovich08,
  author = {N. Zeldovich and H. Kannan and M. Dalton and C. Kozyrakis},
  title = {Hardware Enforcement of Application Security Policies Using Tagged Memory},
  booktitle = {OSDI},
  year = {2008}
}

@INPROCEEDINGS{argus,
    author = {Albert Meixner and Michael E. Bauer and Daniel J. Sorin},
    title = {Argus: Low-Cost, Comprehensive Error Detection in Simple Cores},
    booktitle = {In Proceedings of the 40th Annual IEEE/ACM International Symposium on Microarchitecture},
    year = {2007},
    pages = {210--222},
    publisher = {Press}
}

@inproceedings{revirt,
	Author = {George W. Dunlap and Samuel T. King and Sukru Cinar and Murtaza A. Basrai and Peter M. Chen},
	Booktitle = {OSDI \'02: Proceedings of the Fifth Symposium on Operating Systems Design and Implementation},
	Title = {ReVirt: enabling intrusion analysis through virtual-machine logging and replay},
	Year = {2002}}

@article{ext3cow,
 author = {Peterson, Zachary and Burns, Randal},
 title = {Ext3cow: a time-shifting file system for regulatory compliance},
 journal = {Trans. Storage},
 volume = {1},
 number = {2},
 year = {2005},
 issn = {1553-3077},
 pages = {190--212},
 doi = {http://doi.acm.org/10.1145/1063786.1063789},
 publisher = {ACM},
 address = {New York, NY, USA},
 }

@misc{sql-cheat-sheet,
  author = {Open Web Application Security Project},
  title = {SQL Injection Prevention Cheat Sheet},
  howpublished = {\url{http://www.owasp.org/index.php/SQL_Injection_Prevention_Cheat_Sheet}}
}

@article{chinese-wall,
author = {David F.C. Brewer and Micheal J. Nash},
title = {The Chinese Wall Security Policy},
journal ={Security and Privacy, IEEE Symposium on},
volume = {0},
issn = {1540-7993},
year = {1989},
pages = {206},
doi = {http://doi.ieeecomputersociety.org/10.1109/SECPRI.1989.36295},
publisher = {IEEE Computer Society},
address = {Los Alamitos, CA, USA},
}

@article{waldspurger02osdi,
 author = {Waldspurger, Carl A.},
 title = {Memory resource management in {VMware ESX} server},
 journal = {\osr{}},
 volume = {36},
 number = {SI},
 year = {2002},
 issn = {0163-5980},
 pages = {181--194},
 doi = {http://doi.acm.org/10.1145/844128.844146},
 publisher = {ACM},
 address = {New York, NY, USA},
 }

 @inproceedings{
CJI09,  author = "R.~Chang and G.~Jiang and F.~Ivan{\v{c}}i{\'{c}} and
                  S.~Sankaranarayanan and V.~Shmatikov",
        title = "Inputs of Coma:
	         Static Detection of Denial-of-Serice Vulnerabilities",
        year = {2009},
        booktitle ={CSF}}


@inproceedings{apiary,
   author = {Shaya Potter and Jason Nieh},
   title = {Apiary: Easy-to-Use Desktop Application Fault Containment on Commodity Operating Systems},
   year = {2010},
   booktitle = {USENIX ATC},
 }

@techreport{brodsky07tr,
  author = {Micah Brodsky and Petros Efstathopoulos and Frans Kaashoek and Eddie Kohler and Maxwell Krohn and David
Mazi\`eres and Robert Morris and Steve VanDeBogart and Alexander Yip},
  title = {Toward Secure Services from Untrusted Developers},
  institution =  {MIT}, 
  number = {MIT-CSAIL-TR-2007-041},
  year = {2007},
}

@article{grimm01tocs,
 author = {Grimm, Robert and Bershad, Brian N.},
 title = {Separating access control policy, enforcement, and functionality in extensible systems},
 journal = {ACM Trans. Comput. Syst.},
 volume = {19},
 number = {1},
 year = {2001},
 issn = {0734-2071},
 pages = {36--70},
 doi = {http://doi.acm.org/10.1145/367742.367773},
 publisher = {ACM},
 address = {New York, NY, USA},
 }

@inproceedings{raksha,
 author = {Dalton, Michael and Kannan, Hari and Kozyrakis, Christos},
 title = {Raksha: a flexible information flow architecture for software security},
 booktitle = {ISCA '07: Proceedings of the 34th annual international symposium on Computer architecture},
 year = {2007},
 isbn = {978-1-59593-706-3},
 pages = {482--493},
 location = {San Diego, California, USA},
 doi = {http://doi.acm.org/10.1145/1250662.1250722},
 publisher = {ACM},
 address = {New York, NY, USA},
 }

@misc{linuxv-rootkit, 
   title = {There's a rootkit in the closet!},
   howpublished = {\url{http://www.void.gr/kargig/blog/2009/08/21/theres-a-rootkit-in-the-closet/}},
}

@misc{alureon-trojan,
   author = {Microsoft Malware Protection Center},
   title = {Win32/Alureon Encyclopedia Entry},
   howpublished = {\url{http://www.microsoft.com/security/portal/Threat/Encyclopedia/Entry.aspx?Name=Win32/Alureon}}
}

@misc{rootkit-observations,
   author = {Randy Treit},
   title = {Some Observations on Rootkits},
   year ={2010},
   howpublished = {\url{http://blogs.technet.com/b/mmpc/archive/2010/01/07/some-observations-on-rootkits.aspx}}
}

@inproceedings{jana11txbox,
   author = {Suman Jana and Donald E. Porter and  Vitaly Shmatikov},
   title = {Tx{B}ox: Building Secure, Efficient Sandboxes with System Transactions},
   year = {2011},
   booktitle = {\oakland{}},
   pages = {329-344},
}
% 



@inproceedings{porter11drawbridge,
  author = {Donald E. Porter and Silas Boyd-Wickizer and Jon Howell and Reuben Olinsky and Galen Hunt},
  title = {Rethinking the Library {OS} from the Top Down},
  year = {2011},
  booktitle = {\asplos{}},
  pages = {291--304},
}
%


@inproceedings{storybook,
  author    = {Richard P. Spillane and
               Russell Sears and
               Chaitanya Yalamanchili and
               Sachin Gaikwad and
               Manjunath Chinni and
               Erez Zadok},
  title     = {Story Book: An Efficient Extensible Provenance Framework},
  booktitle = {TAPP},
  year      = {2009},
}

@techreport{PASSv2,
 author = {K. Muniswamy-Reddy and J. Barillari and U. Braun and D. A. Holland and D. Maclean and M. Seltzer and S. D. Holland},
 title = {Layering in provenance-aware storage systems},
 institution = {Harvard University Computer Science},
 number = {TR-04-08},
 year = {2008},
}

@inproceedings{Chandra05collective,
 author = {Chandra, Ramesh and Zeldovich, Nickolai and Sapuntzakis, Constantine and Lam, Monica S.},
 title = {The {C}ollective: A cache-based system management architecture},
 booktitle = {\nsdi{}},
 year = {2005},
 pages = {259--272},
} 

@misc{xpmode,
 author = {Microsoft},
 title = {Windows 7 Features: Windows XP Mode},
 howpublished = {\url{http://www.microsoft.com/windows/windows-7/features/windows-xp-mode.aspx}},
 }

@inproceedings{maniatis02entanglement,
  author = {Petros Maniatis and Mary Baker},
  title = {Secure history preservation through timeline entanglement},
  booktitle = {USENIX Security Symposium},
  pages = {297--‚Äì312},
  year = 2002,
}

@phdthesis{ porter10thesis,
    author = "Donald E. Porter",
    title = {Operating System Transactions},
    school = {The University of Texas at Austin},
    Month = "December",
    year = "2010",
    note = {\bionote{Winner of the Bert Kay award for outstanding doctoral dissertation.}},
}

@article{zyzzva,
 author = {Kotla, Ramakrishna and Alvisi, Lorenzo and Dahlin, Mike and Clement, Allen and Wong, Edmund},
 title = {Zyzzyva: Speculative byzantine fault tolerance},
 journal = {\sosp{}},
 year = {2007},
 pages = {45--58},
 }

@misc{maildir,
  author = {Daniel J. Bernstein},
  title = {Using maildir format},
  howpublished = {\url{http://cr.yp.to/proto/maildir.html}}
}

@misc{dovecot-maildir,
  key = {Dovecot},
  title = {Dovecot Wiki: Mailbox Format/ Maildir},
  howpublished = {\url{http://wiki.dovecot.org/MailboxFormat/Maildir}}
}

@misc{dovecot,
  key = {Dovecot},
  title = {Dovecot Secure IMAP server},
  howpublished = {\url{http://dovecot.org}}
}

@misc{jos,
  key = {JOS},
  title = {{JOS} {OS} {L}ab},
  howpublished = {\url{http://pdos.csail.mit.edu/6.828}},
}

@inproceedings{Ketel:2010:VET:1900008.1900130,
 author = {Ketel, Mohammed},
 title = {A virtualized environment for teaching {IT/CS} laboratories},
 booktitle = {Proceedings of the 48th Annual Southeast Regional Conference},
 series = {ACM SE '10},
 year = {2010},
 isbn = {978-1-4503-0064-3},
 location = {Oxford, Mississippi},
 pages = {92:1--92:2},
 articleno = {92},
 numpages = {2},
 url = {http://doi.acm.org/10.1145/1900008.1900130},
 doi = {http://doi.acm.org/10.1145/1900008.1900130},
 acmid = {1900130},
 publisher = {ACM},
 address = {New York, NY, USA},
 keywords = {IT/CS education, lab, virtual machine, virtualization},
} 

@inproceedings{Sun:2008:VAR:1496662.1496667,
 author = {Sun, Weiqing and Katta, Varun and Krishna, Kumar and Sekar, R.},
 title = {V-{N}et{L}ab: An approach for realizing logically isolated networks for security experiments},
 booktitle = {Proceedings of the conference on Cyber security experimentation and test},
 year = {2008},
 location = {San Jose, CA},
 pages = {5:1--5:6},
 articleno = {5},
 numpages = {6},
 url = {http://portal.acm.org/citation.cfm?id=1496662.1496667},
 acmid = {1496667},
 publisher = {USENIX Association},
 address = {Berkeley, CA, USA},
} 

@inproceedings{owens07virt,
  author = {Jim Owens},
  title = {Using Virtualization to Teach {L}inux System Administration in Online Courses},
  conference = {IBM ICVCI},
  year = 2007,
}

@inproceedings{Cappos:2009:SPE:1508865.1508905,
 author = {Cappos, Justin and Beschastnikh, Ivan and Krishnamurthy, Arvind and Anderson, Tom},
 title = {Seattle: A platform for educational cloud computing},
 booktitle = {Proceedings of the 40th ACM technical symposium on Computer science education},
 series = {SIGCSE '09},
 year = {2009},
 isbn = {978-1-60558-183-5},
 location = {Chattanooga, TN, USA},
 pages = {111--115},
 numpages = {5},
 url = {http://doi.acm.org/10.1145/1508865.1508905},
 doi = {http://doi.acm.org/10.1145/1508865.1508905},
 acmid = {1508905},
 publisher = {ACM},
 address = {New York, NY, USA},
 keywords = {cloud computing, cluster computing, distributed computing, peer-to-peer computing},
} 

@article{mckenney08introducing,
  author="Paul E. McKenney and Jonathan Walpole",
  title="Introducing technology into the {Linux} kernel: A case study",
  Year="2008",
  journal={\osr{}},
  volume="42",
  number="5",
  pages="4--17",
}

@article{cloudsurvey,
  author = {ISACA},
  title = {2010 {ISACA} {IT} {R}isk/{R}eward {B}arometer---{US} {E}dition},
  year = {2010},
  howpublished = {\url{http://www.isaca.org/About-ISACA/Press-room/Documents/2010-ISACA-Risk-Reward-Barometer-Results-US.pdf}}
}

@inproceedings{porter10ols,
  author = {Donald E. Porter and Emmett Witchel},
  title = {Transactional System Calls on {L}inux},
  year = {2010},
  booktitle = {Linux Symposium},
}

@inproceedings{wright+lsm,
 author = {C. Wright and C. Cowan and S. Smalley and J. Morris and G. K. Hartman},
 title = {{Linux} Security Modules: {General} Security Support for the {Linux} Kernel},
 booktitle = {USENIX Security Symposium},
 year = {2002},
 }

@inproceedings{mcilroy10hera,
 author = {McIlroy, Ross and Sventek, Joe},
 title = {{Hera-JVM}: A runtime system for heterogeneous multi-core architectures},
 booktitle = {\oopsla{}},
 year = {2010},
 pages = {205--222},
} 

@inproceedings{nightingale09helios,
 author = {Nightingale, Edmund B. and Hodson, Orion and McIlroy, Ross and Hawblitzel, Chris and Hunt, Galen},
 title = {Helios: Heterogeneous multiprocessing with satellite kernels},
 booktitle = {\sosp{}},
 year = {2009},
 pages = {221--234},
} 

@article{singularity,
 author = {Hunt, Galen C. and Larus, James R.},
 title = {Singularity: Rethinking the software stack},
 journal = {\osr{}},
 volume = {41},
 issue = {2},
 month = {April},
 year = {2007},
 pages = {37--49},
} 

@inproceedings{massalin89synthesis,
 author = {Massalin, H. and Pu, C.},
 title = {Threads and input/output in the {S}ynthesis kernel},
 booktitle = {\sosp{}},
 year = {1989},
 pages = {191--201},
} 

@inproceedings{cuda,
 author = {Ryoo, Shane and Rodrigues, Christopher I. and Baghsorkhi, Sara S. and Stone, Sam S. and Kirk, David B. and Hwu, Wen-mei W.},
 title = {Optimization principles and application performance evaluation of a multithreaded {GPU} using {CUDA}},
 booktitle = {\ppopp{}},
 year = {2008},
 pages = {73--82},
} 

@inproceedings{sievec++,
 author = {Donaldson, Alastair and Riley, Colin and Lokhmotov, Anton and Cook, Andrew},
 title = {Auto-parallelisation of {S}ieve {C}++ programs},
 booktitle = {\europar{}},
 year = {2008},
 pages = {18--27},
} 

@inproceedings{linux-cr,
  author = {Oren Laaden and Serge E. Hallyn},
  title = {Linux-{CR}: Transparent Application Checkpoint-Restart in {L}inux},
  booktitle = {Linux Symposium},
  year = {2010},
}

@inproceedings{powell83demos,
 author = {Michael L. Powell and Barton P. Miller},
 title = {Process Migration in {DEMOS}/{MP}},
 booktitle = {\sosp{}},
 year = {1983}
}

@inproceedings{theimer85migration,
 author = {Marvin M. Theimer and Keith A. Lantz and David R. Cheriton},
 title = {Preemptable Remote Execution Facilities for the {V} System},
 booktitle = {\sosp{}},
 year = {1985},
 pages = {2--12},
}

@inproceedings{jipping03sigcse,
 author = {Jipping, Michael J. and Bugaj, Agata and Mihalkova, Liliyana and Porter, Donald E.},
 title = {Using Java to teach networking concepts with a programmable network sniffer},
 booktitle = {\sigcse{}},
 year = {2003},
 pages = {120--124},
} 
% 


@inproceedings{heiser11embedded,
  author = {Gernot Heiser},
  title = {Virtualizing embedded systems---why bother?},
  booktitle = {Proceedings of the 48th Design Automation Conference},
  year = {2011},
}

@misc{arm-virt,
  author = {ARM Architecture Group},
  title = {Virtualization Extensions Architecture Specification},
  year = {2010},
  howpublished = {\url{http://infocenter.arm.com/help/index.jsp?topic=/com.arm.doc.ddi0406b_virtualization_extns/index.html}},
}

@techreport{heiser09evoke,
  author = {Gernot Heiser},
  title = {{The Motorola Evoke QA4: A case study in mobile virtualization}},
  year = {2009},
  howpublished = {White Paper. \url{http://www.ok-labs.com/_assets/image_library/evoke.pdf}},
  institution = {Open Kernel Labs},
}

@misc{mctigue10smartphone,
  author = {Jake McTigue},
  title = {Smartphone Virtualization: Useful Or Useless?}, 
  year = {2010},
  howpublished = {\url{http://www.networkcomputing.com/virtualization/smartphone-virtualization-useful-or-useless.php}},
}

@misc{vmware-android,
  author = {Sean Cooper},
  title = {VMware Android handset virtualization hands-on},
  year = {2011},
  howpublished = {\url{http://www.engadget.com/2011/02/15/vmware-android-handset-virtualization-hands-on/}},
}

@inproceedings{libckpt,
 author = {Plank, James S. and Beck, Micah and Kingsley, Gerry and Li, Kai},
 title = {Libckpt: Transparent checkpointing under Unix},
 booktitle = {\usenixatc{}},
 year = {1995},
 pages = {213--223},
} 

@inproceedings{overshadow,
 author = {Chen, Xiaoxin and Garfinkel, Tal and Lewis, E. Christopher and Subrahmanyam, Pratap and Waldspurger, Carl A. and Boneh, Dan and Dwoskin, Jeffrey and Ports, Dan R.K.},
 title = {Overshadow: A virtualization-based approach to retrofitting protection in commodity operating systems},
 booktitle = {\asplos{}},
 year = {2008},
 pages = {2--13},
} 

@inproceedings{libra,
 author = {Ammons, Glenn and Appavoo, Jonathan and Butrico, Maria and Da Silva, Dilma and Grove, David and Kawachiya, Kiyokuni and Krieger, Orran and Rosenburg, Bryan and Van Hensbergen, Eric and Wisniewski, Robert W.},
 title = {Libra: A library operating system for a {JVM} in a virtualized execution environment},
 booktitle = {\veeconf{}},
 year = {2007},
 pages = {44--54},
} 



@inproceedings{liedtke95sosp,
 author = {Jochen Liedtke},
 title = {On micro-kernel construction},
 booktitle = {\sosp{}},
 year = 1995,
 pages = {237--250},
 }

@INPROCEEDINGS{liedtke93sosp,
    author = {Jochen Liedtke},
    title = "{Improving IPC by Kernel Design}",
    booktitle = {\sosp{}},
    year = 1993,
    pages = {175--188}
}

@inproceedings{engler95exokernel,
 author = {Engler, D. R. and Kaashoek, M. F. and O'Toole,Jr., J.},
 title = {Exokernel: An operating system architecture for application-level resource management},
 booktitle = {\sosp{}},
 year = 1995,
 pages = {251--266},
 }

@inproceedings{ seltzer96dealing,
    author = "M. I. Seltzer and Y. Endo and C. Small and K. A. Smith",
    title = "Dealing with Disaster: Surviving Misbehaved Kernel Extensions",
    booktitle = {\osdi{}},
    year = "1996",
    pages = {213--227},
}

@inproceedings{bershad95spin,
 title = {Extensibility, Safety and Performance in the SPIN Operating System},
 author = {Brian Bershad and Stefan Savage and Przemyslaw Pardyak and Emin Gun Sirer and David Becker and Marc Fiuczynski and Craig Chambers and Susan Eggers},
 booktitle = {\sosp{}},
 pages = {267--284},
 year = {1995},
}

@inproceedings{roscoe07hype,
 author = {Roscoe, Timothy and Elphinstone, Kevin and Heiser, Gernot},
 title = {Hype and virtue},
 booktitle = {\hotos{}},
 year = {2007},
 pages = {4:1--4:6},
} 

@article{heiser06right,
 author = {Heiser, Gernot and Uhlig, Volkmar and LeVasseur, Joshua},
 title = {Are virtual-machine monitors microkernels done right?},
 journal = {\osr{}},
 month = {January},
 year = {2006},
 pages = {95--99},
} 

@inproceedings{hand05right,
 author = {Hand, Steven and Warfield, Andrew and Fraser, Keir and Kotsovinos, Evangelos and Magenheimer, Dan},
 title = {Are virtual machine monitors microkernels done right?},
 booktitle = {\hotos{}},
 year = {2005},
 pages = {1--1},
} 

@misc{hyper-v-faq,
  author = {Microsoft},
  title = {Hyper-V Server 2008 R2, FAQ},
  howpublished = {\url{http://www.microsoft.com/hyper-v-server/en/us/faq.aspx}},
}

@misc{vmdq,
  author = {Intel},
  title = {Intel {VMDq} Technology},
  howpublished = {White Paper, \url{http://download.intel.com/network/connectivity/products/whitepapers/VMDq_tek_wp-FINAL_Mar08.pdf}},
  year = {2008},
}


@misc{pci-iov,
  author = {PCI-SIG},
  title = {Address Translation Services 1.1 Specification},
  howpublished = {\url{http://www.pcisig.com/members/downloads/specifications/iov/ats_r1.1_26Jan09.pdf}},
}

@misc{rdp,
  author = {Microsoft},
  title = {Remote Desktop Protocol: Basic Connectivity and Graphics Remoting Specification},
  year = {2010},
  howpublished = {\url{http://msdn.microsoft.com/en-us/library/cc240445%28v=prot.10%29.aspx}},
}

@inproceedings{clark05migration,
 author = {Clark, Christopher and Fraser, Keir and Hand, Steven and Hansen, Jacob Gorm and Jul, Eric and Limpach, Christian and Pratt, Ian and Warfield, Andrew},
 title = {Live migration of virtual machines},
 booktitle = {\nsdi{}},
 year = {2005},
 pages = {273--286},
} 

@misc{zfs, 
  author = {Jeff Bonwick and B. Moore}, 
  title = {{ZFS: The Last Word in File Systems}}, 
  howpublished = {\url{http://opensolaris.org/os/community/zfs/docs/zfs last.pdf}},
}

@mics{lvm,
  title = {{Logical Volume Manager (Linux)}},
  key = {logical},
  howpublished = {Wikipedia, \url{http://en.wikipedia.org/wiki/Logical_Volume_Manager_%28Linux%29}},
}

@misc{wine,
  title = {Wine Windows Emulator},
  howpublished = {\url{http://www.winehq.org/}},
}

@techreport{wafl,
  author = {Dave Hitz and James Lau and Michael Malcolm},
  title = {File System Design for an {NFS} File Server Appliance},
  howpublished = {\url{http://www.netapp.com/library/tr/3002.pdf}},
  institution = {NetApp},
  year = {2005},
}

@inproceedings{sandberg85nfs,
    author = {Russel Sandberg and David Goldberg and Steve Kleiman and Dan Walsh and Bob Lyon},
    title = {Design and Implementation or the Sun Network Filesystem},
    year = {1985},
    booktitle = {\usenixatc{}},
}

@inproceedings{petal,
  author = {Edward K. Lee and Chandramohan A. Thekkath},
  title = {Petal: Distributed virtual disks},
  booktitle = {\asplos{}},
  year = {1996},
  pages = {84--92},
}  

@inproceedings{sundr,
 author = {Li, Jinyuan and Krohn, Maxwell and Mazi\`{e}res, David and Shasha, Dennis},
 title = {Secure untrusted data repository ({SUNDR})},
 booktitle = {\osdi{}},
 year = {2004},
 pages = {9--9},
} 

@inproceedings{garfinkel06vafs,
  author = {Ben Pfaff and Tal Garfinkel and Mendel Rosenblum}, 
  title = {Virtualization Aware File Systems: Getting Beyond the Limitations of Virtual Disks},
  booktitle = {\nsdi{}},
  year = {2006},
  pages = {353--366},
}


@inproceedings{deepshot,
 author = {Chang, Tsung-Hsiang and Li, Yang},
 title = {Deep {S}hot: A framework for migrating tasks across devices using mobile phone cameras},
 booktitle = {Proceedings of the 2011 Annual conference on Human factors in computing systems},
 year = {2011},
 pages = {2163--2172},
} 

@inproceedings{chen02setuid,
 author = {Chen, Hao and Wagner, David and Dean, Drew},
 title = {Setuid Demystified},
 booktitle = {\usenixsec{}},
 year = {2002},
} 

@MISC{rfc3501,
author = {M. Crispin},
title = {{INTERNET MESSAGE ACCESS PROTOCOL - VERSION 4rev1}},
howpublished = {RFC 3501 (Proposed Standard)},
month = "March",
year = {2003},
note = {Obsoletes by RFC 2060},
number = {3501},
organisation = {Internet Engineering Task Force},
publisher = {IETF},
series = {Request for Comments},
url = {\url{http://www.ietf.org/rfc/rfc3501.txt}}
}

@MISC{rfc3775,
author = {D. Johnson and C. Perkins and J. Arkko},
title = {{Mobility Support in IPv6}},
howpublished = {RFC 3775},
month = "June",
year = {2004},
number = {3775},
organisation = {Internet Engineering Task Force},
publisher = {IETF},
series = {Request for Comments},
url = {\url{http://www.ietf.org/rfc/rfc3775.txt}}
}

@misc{amd-vi,
   author = {AMD},
   title = {{AMD I/O Virtualization Technology (IOMMU) Specification Revision 1.26}},
   howpublished = {White Paper, AMD: \url{http://support.amd.com/us/Processor_TechDocs/34434-IOMMU-Rev_1.26_2-11-09.pdf}},
   year = {2009},
   month = {Nov},
}

@article{leslie05drivers,
  author = {Ben Leslie and Peter Chubb and Nicholas FitzRoy-Dale and Stefan G√∂tz and Charles Gray and Luke Macpherson and Daniel Potts and Yueting (Rita) Shen and Kevin Elphinstone and Gernot Heiser},
   title = {User-level device drivers: Achieved performance},
   journal = {Journal of Computer Science and Technology},
   pages = {654‚Äì664}, 
   month = {Sep},
   year = {2005},
}

@inproceedings{eiraku09outsourcing,
 author = {Eiraku, Hideki and Shinjo, Yasushi and Pu, Calton and Koh, Younggyun and Kato, Kazuhiko},
 title = {Fast networking with socket-outsourcing in hosted virtual machine environments},
 booktitle = {\sac{}},
 year = {2009},
 pages = {310--317},
} 

@misc{kvm,
  title = {Kernel-based virtual machine},
  key = {kernel},
  howpublished = {\url{http://www.linux-kvm.org/}},
}

@inproceedings{gupta08difference,
    author = {Diwaker Gupta and Sangmin Lee and Michael Vrable and Stefan Savage and Alex C. Snoeren and George Varghese and Geoffrey M. Voelker and Amin Vahdat},
    title = {Difference Engine: Harnessing Memory Redundancy in Virtual Machines},
    booktitle = {\osdi{}},
    year = {2008}
}

@inproceedings{turtles10osdi,
   author = {Muli Ben-Yehuda and Michael D. Day and Zvi Dubitzky and Michael Factor and Nadav Har'El and Abel Gordon and Anthony Liguori and Orit Wasserman and Ben-Ami Yassour},
   title = {The {T}urtles {P}roject: Design and Implementation of Nested Virtualization},
   year = {2010},
   booktitle = {\osdi{}},
}

@inproceedings{whitaker02denali,
   title = {Scale and Performance in the {Denali} Isolation Kernel},
   author = {Andrew Whitaker and Marianne Shaw and Steven D. Gribble},
   booktitle = {\osdi{}},
   year = {2002},
}

@inproceedings{heiser10okl4,
  title = {The {OKL4} Microvisor: Convergence Point of Microkernels and Hypervisors},
  author = {Gernot Heiser and Ben Leslie}, 
  year = {2010},
  booktitle = {APSys},
 }


@inproceedings{cheriton94cache,
 author = {Cheriton, David R. and Duda, Kenneth J.},
 title = {A caching model of operating system kernel functionality},
 booktitle = {\osdi{}},
 year = {1994},
} 

@article{leslie96nemesis,
    author = {Ian Leslie and Derek Mcauley and Richard Black and Timothy Roscoe and Paul Barham and David Evers and Robin Fairbairns and Eoin Hyden},
    title = {The Design and Implementation of an Operating System to Support Distributed Multimedia Applications},
    journal = {IEEE JSAC},
    year = {1996},
    pages = {1280--1297},
}

@inproceedings{anderson92libos,
   author = {Thomas Anderson},
   title = {The case for application-specific operating systems},
   booktitle = {Workshop on Workstation Operating Systems},
   year = {1992},
}

@inproceedings{xax,
    author = {John R. Douceur and Jeremy Elson and Jon Howell and Jacob R. Lorch},
    title = {Leveraging Legacy Code to Deploy Desktop Applications on the Web},
    booktitle = {\osdi{}},
    year = {2008}
}

@inproceedings{nacl,
  author = {Bennet Yee and David Sehr and Gregory Dardyk and J. Bradley Chen and Robert Muth and Tavis Ormandy and Shiki Okasaka and Neha Narula and Nicholas Fullagar},
  title = {Native Client: A Sandbox for Portable, Untrusted x86 Native Code},
  booktitle = {\oakland{}},
  year = {2009},
}

@inproceedings{vserver,
  title = {Container-based Operating System Virtualization: A Scalable, High-performance Alternative to Hypervisors},
  author = {Stephen Soltesz and Herbert P\"otzl and Marc E. Fiuczynski and Andy Bavier and Larry Peterson},
  booktitle = {\eurosys{}},  
  year = {2007},
}

@inproceedings{price04zones,
    author = {Daniel Price and Andrew Tucker},
    title = {Solaris {Z}ones: Operating system support for consolidating commercial workloads},
    booktitle = {\lisa{}},
    year = {2004},
    pages = {241--254}
}

@misc{jails,
  author = {M. Stokely and C. Lee},
  title = {{The FreeBSD Handbook, 3rd Edition, Vol 1: Users's Guide}},
  year = {2003},
}


@article{bhattiprolu08containers,
 author = {Bhattiprolu, Sukadev and Biederman, Eric W. and Hallyn, Serge and Lezcano, Daniel},
 title = {Virtual servers and checkpoint/restart in mainstream {L}inux},
 journal = {\osr{}},
 volume = {42},
 issue = {5},
 month = {July},
 year = {2008},
 pages = {104--113},
}

@misc{phoronix,
 key = {Phoronix},
 title = {Phoronix Test Suite},
 howpublished = {\url{http://www.phoronix-test-suite.com/}},
}

@misc{android-x86,
 key = {Android},
 title = {Android x86 port},
 howpublished = {\url{http://www.android-x86.org/}},
}

@misc{android-on-duo,
 title = {Run Android on Your Netbook or Desktop},
 key = {Android},
 howpublished = {\url{http://www.howtogeek.com/howto/22665/run-android-on-your-netbook-or-desktop/}},
}

@inproceedings{rbac,
  author = {Ferraiolo, D.F. and Kuhn, D.R.},
  year = {1992},
  title = "Role-Based Access Control",
  booktitle = {15th National Computer Security Conference},  
  pages = {554--563},
}

@inproceedings{fist,
  author = {Erez Zadok and Jason Nieh},
  title = {{FiST}: A Language for Stackable File Systems},
  booktitle = {\usenixatc{}},
  year = {2000},
  page = {55-70},
}

@misc{truecrypt,
  title = {TrueCrypt: Free Open-Source On-the-fly encryption},
  key = {truecrypt},
  howpublished = {\url{http://www.truecrypt.org/?}},
}

@misc{ecryptfs,
  title = {{eCryptfs---Enterprise Cryptographic Filesystem}},
  key = {ecryptfs},
  howpublished = {\url{https://launchpad.net/ecryptfs}},
}

@article{ecryptfs-lwn,
  title = {{eCryptfs: A Stacked Cryptographic Filesystem}},
  author = {Mike Halcrow},
  year = {2007},
  journal = {Linux Journal},
}

@INPROCEEDINGS{usenix03ncryptfs,
  AUTHOR =       "C. P. Wright and M. Martino and E. {Zadok}",
  TITLE =        "{NCryptfs}: A Secure and Convenient Cryptographic File System",
  PAGES =        "197--210",
  BOOKTITLE =    {\usenixatc{}},
  YEAR =         "2003",
}

@misc{bestcrypt,
    author = {Jetico Inc.} ,
    title = {BestCrypt software home page},
    howpublished = {\url{ www.jetico.com}},
    year = {2002},
}

@techreport{EFS,
  author = {Microsoft},
  title =  {{Encrypting File System for Windows 2000}},
  month = Jul,
  year =  1999,
  howpublished = {\url{www.microsoft.com/windows2000/techinfo/howitworks/security/encrypt.asp}},
}

@misc{bitlocker,
  author = {Microsoft},
  title = {{Windows BitLocker drive encryption frequently asked auestions}},
  year  = {2009},
  howpublished = {\url{http://technet.microsoft.com/en-us/library/cc766200\%28WS.10\%29.aspx}},
}

@misc{filebench,
  title = {FileBench},
  key = {filebench},
  howpublished = {\url{http://sourceforge.net/projects/filebench/}},
}

@misc{fuse,
  title = {File System in Userspace},
  key = {FUSE},
  howpublished = {\url{http://fuse.sourceforge.net/}},
}

@INPROCEEDINGS{Hong04duplicatedata,
    author = {Bo Hong and Darrell D. E. Long},
    title = {Duplicate data elimination in a san file system},
    booktitle = {Proceedings of the 21st IEEE / 12th NASA Goddard Conference on Mass Storage Systems and Technologies (MSST},
    year = {2004},
    pages = {301--314}
}

@INPROCEEDINGS{Jain05taper:tiered,
    author = {Navendu Jain and Mike Dahlin and Renu Tewari},
    title = {Taper: Tiered approach for eliminating redundancy in replica synchronization},
    booktitle = {In USENIX Conference on File and Storage Technologies},
    year = {2005},
    pages = {281--294}
}

@INPROCEEDINGS{Adya02farsite:federated,
    author = {Atul Adya and William J. Bolosky and Miguel Castro and Gerald Cermak and Ronnie Chaiken and John R. Douceur and Jon Howell and Jacob R. Lorch and Marvin Theimer and Roger P. Wattenhofer},
    title = {{FARSITE: Federated, Available, and Reliable Storage for an Incompletely Trusted Environment}},
    booktitle = {\osdi{}},
    year = {2002},
    pages = {1--14}
}

@INPROCEEDINGS{Tolia03opportunisticuse,
    author = {Niraj Tolia and Michael Kozuch and Mahadev Satyanarayanan and Brad Karp and Thomas Bressoud and Adrian Perrig},
    title = {Opportunistic Use of Content Addressable Storage for Distributed File Systems},
    booktitle = {\usenixatc{}},
    year = {2003},
    pages = {127--140},
    publisher = {}
}

@inproceedings{seltzer09hierarchical,
 author = {Seltzer, Margo and Murphy, Nicholas},
 title = {Hierarchical file systems are dead},
 booktitle = {\hotos{}},
 year = {2009},
 pages = {1--1},
} 


@inproceedings{traeger07nfs,
 author = {Traeger, Avishay and Thangavelu, Kumar and Zadok, Erez},
 title = {Round-trip privacy with {NFSv4}},
 booktitle = {Proceedings of the 2007 ACM workshop on Storage security and survivability},
 year = {2007},
 pages = {1--6},
} 

@inproceedings{blaze93cfs,
 author = {Blaze, Matt},
 title = {A cryptographic file system for {UNIX}},
 booktitle = {\ccs{}},
 year = {1993},
 pages = {9--16},
} 

@inproceedings{cattaneo01crypt,
 author = {Cattaneo, Giuseppe and Catuogno, Luigi and Sorbo, Aniello Del and Persiano, Pino},
 title = {The Design and Implementation of a Transparent Cryptographic File System for {UNIX}},
 booktitle = {Proceedings of the FREENIX Track: 2001 USENIX Annual Technical Conference},
 year = {2001},
 pages = {199--212},
} 

@inproceedings{sfs-ro,
 author = {Mazi\`{e}res, David and Kaminsky, Michael and Kaashoek, M. Frans and Witchel, Emmett},
 title = {Separating key management from file system security},
 booktitle = {\sosp{}},
 year = {1999},
 pages = {124--139},
} 

@inproceedings{miller02nas,
 author = {Miller, Ethan L. and Long, Darrell D. E. and Freeman, William E. and Reed, Benjamin},
 title = {Strong Security for Network-Attached Storage},
 booktitle = {\fast{}},
 year = {2002},
 pages = {1--13},
} 

@inproceedings{kaminsky03sfs,
 author = {Kaminsky, Michael and Savvides, George and Mazieres, David and Kaashoek, M. Frans},
 title = {Decentralized user authentication in a global file system},
 booktitle = {\sosp{}},
 year = {2003},
 pages = {60--73},
} 

@inproceedings{seltzer93lfs,
 author = {Seltzer, Margo and Bostic, Keith and Mckusick, Marshall Kirk and Staelin, Carl},
 title = {{An implementation of a log-structured file system for UNIX}},
 booktitle = {Proceedings of the USENIX Winter 1993 Conference},
 year = {1993},
 pages = {3--3},
} 

@inproceedings{seltzer95lfs,
 author = {Seltzer, Margo and Smith, Keith A. and Balakrishnan, Hari and Chang, Jacqueline and McMains, Sara and Padmanabhan, Venkata},
 title = {File system logging versus clustering: A performance comparison},
 booktitle = {Proceedings of the USENIX 1995 Technical Conference Proceedings},
 year = {1995},
 pages = {21--21},
} 

@inproceedings{shamma11capo,
 author = {Shamma, Mohammad and Meyer, Dutch T. and Wires, Jake and Ivanova, Maria and Hutchinson, Norman C. and Warfield, Andrew},
 title = {Capo: Recapitulating storage for virtual desktops},
 booktitle = {\fast{}},
 year = {2011},
 pages = {3--3},
} 

@inproceedings{hydrafs,
 author = {Ungureanu, Cristian and Atkin, Benjamin and Aranya, Akshat and Gokhale, Salil and Rago, Stephen and Calkowski, Grzegorz and Dubnicki, Cezary and Bohra, Aniruddha},
 title = {{HydraFS}: A high-throughput file system for the {HYDRAstor} content-addressable storage system},
 booktitle = {\fast{}},
 year = {2010},
 pages = {17--17},
} 

@inproceedings{dubnicki09hydrastor,
 author = {Dubnicki, Cezary and Gryz, Leszek and Heldt, Lukasz and Kaczmarczyk, Michal and Kilian, Wojciech and Strzelczak, Przemyslaw and Szczepkowski, Jerzy and Ungureanu, Cristian and Welnicki, Michal},
 title = {HYDRAstor: a Scalable Secondary Storage},
 booktitle = {\fast{}},
 year = {2009},
 pages = {197--210},
 numpages = {14},
} 



@inproceedings{muthitacharoen01lbfs,
 author = {Muthitacharoen, Athicha and Chen, Benjie and Mazi\`{e}res, David},
 title = {A low-bandwidth network file system},
 booktitle = {\sosp{}},
 year = {2001},
 pages = {174--187},
} 

@inproceedings{muthitacharoen02ivy,
 author = {Muthitacharoen, Athicha and Morris, Robert and Gil, Thomer M. and Chen, Benjie},
 title = {Ivy: A read/write peer-to-peer file system},
 booktitle = {\osdi{}},
 year = {2002},
 pages = {31--44},
} 

@inproceedings{oceanstore,
 author = {Kubiatowicz, John and Bindel, David and Chen, Yan and Czerwinski, Steven and Eaton, Patrick and Geels, Dennis and Gummadi, Ramakrishna and Rhea, Sean and Weatherspoon, Hakim and Wells, Chris and Zhao, Ben},
 title = {OceanStore: An architecture for global-scale persistent storage},
 booktitle = {\asplos{}},
 year = {2000},
 pages = {190--201},
} 

@inproceedings{cox02pastiche,
 author = {Cox, Landon P. and Murray, Christopher D. and Noble, Brian D.},
 title = {Pastiche: Making backup cheap and easy},
 booktitle = {\osdi{}},
 year = {2002},
 pages = {285--298},
} 

@inproceedings{chun11cloudclone,
  author = {Byung-Gon Chun and Sunghwan Ihm and Petros Maniatis and Mayur Naik and Ashwin Patti},
  title = {CloneCloud: Elastic Execution between Mobile Device and Cloud},
  year = {2011},
  booktitle = {\eurosys{}},
  pages = {181--194},
}

@inproceedings{cuervo10maui,
  author = {E. Cuervo and A. Balasubramanian and D. Cho and A. Wolman and S. Saroiu and R. Chandra and P. Bahl},
  title = {{MAUI}: Making smartphones last longer with code offload},
  booktitle = {MobiSys},
  year = {2010},
}

@misc{sbu-aanapisi,
  title = {{Asian American Native American Pacific Islander Serving Institutions (AANAPISIs)}},
  key = {Asian},
  howpublished = {\url{http://www2.ed.gov/about/inits/list/asian-americans-initiative/aanapisi.html}},
}

@inproceedings{vpfs,
  author = {Carsten Weinhold and Hermann Ha\"Ãàrtig},
  title = {VPFS: Building a Virtual Private File System with a Small Trusted Computing Base},
  booktitle = {\eurosys{}},
  year = {2008},
  pages = {81--93},
}

@inproceedings{tdb,
  author = {U. Maheshwari and R. Vingralek and B. Shapiro},
  title = {How to Build a Trusted Database System on Untrusted Storage},
  booktitle = {\osdi{}},
  pages = {135-‚Äì150},
  year = {2000},
}

@inproceedings{cells,
  author = {Jeremy Andrus and Christoffer Dall and Alexander Van't Hof and Oren Laadan and Jason Nieh},
  title = {Cells: A virtual mobile smartphone architecture},
  booktitle = {sosp{}},
  year = {2011},
  pages = {173--187},
}

@article{cachopo05jvstm,
 author = {Cachopo, Jo\~ao and Rito-Silva, Ant\'{o}nio},
 title = {Versioned boxes as the basis for memory transactions},
 journal = {\scool{}},
 year = {2005},
} 


@inproceedings{dragojevic09swisstm,
 author = {Dragojevi\'{c}, Aleksandar and Guerraoui, Rachid and Kapalka, Michal},
 title = {Stretching transactional memory},
 booktitle = {\pldi{}},
 year = {2009},
 pages = {155--165},
} 

@inproceedings{wang07cgo,
 author = {Wang, Cheng and Chen, Wei-Yu and Wu, Youfeng and Saha, Bratin and Adl-Tabatabai, Ali-Reza},
 title = {Code Generation and Optimization for Transactional Memory Constructs in an Unmanaged Language},
 booktitle = {\cgo{}},
 year = {2007},
 pages = {34--48},
} 


@inproceedings{felber08tinystm,
 author = {Felber, Pascal and Fetzer, Christof and Riegel, Torvald},
 title = {Dynamic performance tuning of word-based software transactional memory},
 booktitle = {\ppopp{}},
 year = {2008},
 pages = {237--246},
} 

@inproceedings{riegel06transact,
 author = {Torval Riegel and Christof Fetzer and Pascal Felber},
 title = {Snapshot Isolation for Software Transactional Memory},
 booktitle = {\transact{}},
 year = {2006},
}

@inproceedings{riegel06disc,
 author = {Torvald Riegel and Pascal Felber and Christof Fetzer},
 title = {A Lazy Snapshot Algorithm with Eager Validation},
 booktitle = {\disc{}},
 year = {2006},
 pages = {284--298},
}

@article{mcslock,
  author = {John M. Mellor-Crummey and Michael L. Scott},
  title = {Algorithms for scalable synchronization on shared-memory multiprocessors},
 journal = {\tocs{}},
 year = {1991},
} 

 
@article{massalin92lockfree,
 author = {Massalin, Henry and Pu, Calton},
 title = {A Lock-Free Multiprocessor OS Kernel},
 journal = {SIGOPS Oper. Syst. Rev.},
 volume = {26},
 number = {2},
 year = {1992},
 issn = {0163-5980},
 pages = {8},
 publisher = {ACM},
 address = {New York, NY, USA},
 }

@inproceedings{greenwald96cache,
 author = {Greenwald, Michael and Cheriton, David},
 title = {The synergy between non-blocking synchronization and operating system structure},
 booktitle = {\osdi{}},
 year = {1996},
 isbn = {1-880446-82-0},
 pages = {123--136},
 location = {Seattle, Washington, United States},
 doi = {http://doi.acm.org.ezproxy.lib.utexas.edu/10.1145/238721.238767},
 }

@inproceedings{chuong10universal,
 author = {Chuong, Phong and Ellen, Faith and Ramachandran, Vijaya},
 title = {A universal construction for wait-free transaction friendly data structures},
 booktitle = {\spaa{}},
 year = {2010},
 isbn = {978-1-4503-0079-7},
 pages = {335--344},
 location = {Thira, Santorini, Greece},
 doi = {http://doi.acm.org/10.1145/1810479.1810538},
 }

@inproceedings{valois95podc,
 author = {Valois, John D.},
 title = {Lock-free linked lists using compare-and-swap},
 booktitle = {\podc{}},
 year = {1995},
 isbn = {0-89791-710-3},
 pages = {214--222},
 location = {Ottowa, Ontario, Canada},
 doi = {http://doi.acm.org/10.1145/224964.224988},
 publisher = {ACM},
 address = {New York, NY, USA},
 }


@inproceedings{harris01disc,
 author = {Harris, Timothy L.},
 title = {A Pragmatic Implementation of Non-blocking Linked-Lists},
 booktitle = {\disc{}},
 year = {2001},
 isbn = {3-540-42605-1},
 pages = {300--314},
 publisher = {Springer-Verlag},
 }

@inproceedings{michael02spaa,
 author = {Michael, Maged M.},
 title = {High performance dynamic lock-free hash tables and list-based sets},
 booktitle = {\spaa{}},
 year = {2002},
 isbn = {1-58113-529-7},
 pages = {73--82},
 location = {Winnipeg, Manitoba, Canada},
 doi = {http://doi.acm.org/10.1145/564870.564881},
 }

@book{herlihy+shavit,
  author	= {Maurice Herlihy and Nir Shavit},
  title		= {The Art of Multiprocessor Programming},
  year		= {2008},
  publisher	= {Morgan Kaufmann},
}



@article{hazardpointers,
 author = {Michael, Maged M.},
 title = {Hazard Pointers: Safe Memory Reclamation for Lock-Free Objects},
 journal = {IEEE Trans. Parallel Distrib. Syst.},
 volume = {15},
 number = {6},
 year = {2004},
 issn = {1045-9219},
 pages = {491--504},
 doi = {http://dx.doi.org/10.1109/TPDS.2004.8},
 publisher = {IEEE Press},
 address = {Piscataway, NJ, USA},
 }

@inproceedings{michael04allocator,
 author = {Michael, Maged M.},
 title = {Scalable lock-free dynamic memory allocation},
 booktitle = {\pldi{}},
 year = {2004},
 isbn = {1-58113-807-5},
 pages = {35--46},
 location = {Washington DC, USA},
 doi = {http://doi.acm.org/10.1145/996841.996848},
 }


@article{hart07comparison,
 author = {Hart, Thomas E. and McKenney, Paul E. and Brown, Angela Demke and Walpole, Jonathan},
 title = {Performance of memory reclamation for lockless synchronization},
 journal = {J. Parallel Distrib. Comput.},
 volume = {67},
 number = {12},
 year = {2007},
 issn = {0743-7315},
 pages = {1270--1285},
 doi = {http://dx.doi.org/10.1016/j.jpdc.2007.04.010},
 publisher = {Academic Press, Inc.},
 address = {Orlando, FL, USA},
 }

@phdthesis{fraser04lockfree,
    author = "Keir Fraser",
    title = "Practical lock-freedom",
    year = "2004",
    school = "University of Cambridge Computer Laboratory"
}

@inproceedings{herlihy02repeatoffender,
 author = {Herlihy, Maurice and Luchangco, Victor and Moir, Mark},
 title = {The Repeat Offender Problem: A Mechanism for Supporting Dynamic-Sized, Lock-Free Data Structures},
 year = {2002},
 booktitle = {\disc{}},
 }

@inproceedings{fomitchev04lockfree,
 author = {Fomitchev, Mikhail and Ruppert, Eric},
 title = {Lock-free linked lists and skip lists},
 booktitle = {\podc{}},
 year = {2004},
 isbn = {1-58113-802-4},
 pages = {50--59},
 location = {St. John's, Newfoundland, Canada},
 doi = {http://doi.acm.org/10.1145/1011767.1011776},
 }

@inproceedings{hohmuth01nonblocking,
 author = {Hohmuth, Michael and H\"{a}rtig, Hermann},
 title = {Pragmatic Nonblocking Synchronization for Real-Time Systems},
 booktitle = {\usenixatc{}},
 year = {2001},
 isbn = {1-880446-09-X},
 pages = {217--230},
 }

@inproceedings{petrank09bounded,
 author = {Petrank, Erez and Musuvathi, Madanlal and Steesngaard, Bjarne},
 title = {Progress guarantee for parallel programs via bounded lock-freedom},
 booktitle = {\pldi{}},
 year = {2009},
 isbn = {978-1-60558-392-1},
 pages = {144--154},
 location = {Dublin, Ireland},
 doi = {http://doi.acm.org/10.1145/1542476.1542493},
 }

@article{herlihy93concurrency,
 author = {Herlihy, Maurice},
 title = {A methodology for implementing highly concurrent data objects},
 journal = {ACM Trans. Program. Lang. Syst.},
 volume = {15},
 number = {5},
 year = {1993},
 issn = {0164-0925},
 pages = {745--770},
 doi = {http://doi.acm.org.ezproxy.lib.utexas.edu/10.1145/161468.161469},
 publisher = {ACM},
 address = {New York, NY, USA},
 }

@article{herlihy91waitfree,
 author = {Herlihy, Maurice},
 title = {Wait-free synchronization},
 journal = {ACM Trans. Program. Lang. Syst.},
 volume = {13},
 number = {1},
 year = {1991},
 issn = {0164-0925},
 pages = {124--149},
 doi = {http://doi.acm.org.ezproxy.lib.utexas.edu/10.1145/114005.102808},
 publisher = {ACM},
 address = {New York, NY, USA},
 }

@article{corbet09jls,
 author = {Jonathan Corbet},
 title = {{JLS}: {I}ncreasing {VFS} scalability},
 journal = {LWN},
 month = {November},
 date = {3},
 year = {2009},
 note = {\url{http://lwn.net/Articles/360199/}},
}

@inproceedings{mckenney05linux,
 author = {Paul E. McKenney and Dipankar Sarma},
 title = {Towards Hard Realtime Response from the Linux Kernel on SMP Hardware},
 booktitle = {Linux.conf.au},
 year = {2005},
}

@inproceedings{ dacapo-benchmarks-conf, 
 author={Blackburn, S. M. and Garner, R. and Hoffman, C. and Khan, A. M.
     and McKinley, K. S. and Bentzur, R. and Diwan, A. and Feinberg, D.
     and Frampton, D. and Guyer, S. Z. and Hirzel, M. and Hosking, A.
     and Jump, M. and Lee, H. and Moss, J. E. B. and Phansalkar, A.
     and Stefanovi\'{c}, D.
     and {VanDrunen}, T. and von~Dincklage, D. and Wiedermann, B.},
  title={The {D}a{C}apo Benchmarks: Java Benchmarking
          Development and Analysis},
  booktitle = {\oopsla{}},
  year = {2006},
  pages = {169--190},
}

@inproceedings{ext4,
  author = {Mathur, Avantika and Cao, MingMing and Bhattacharya, Suparna and Dilger, Andreas and Tomas, Alex and Vivier, Laurent}, 
  year = {2007},
  title = {The new ext4 filesystem: Current status and future plans},
  booktitle = {Proceedings of the Linux Symposium},
}

@INPROCEEDINGS{blackwell95lfs,
    author = {Trevor Blackwell and Jeffrey Harris and Margo Seltzer},
    title = {Heuristic cleaning algorithms in log-structured file systems},
    booktitle = {\usenixatc{}},
    year = {1995}
}

@INPROCEEDINGS{mckusick99softupdates,
    author = {Marshall Kirk Mckusick and Gregory R Ganger},
    title = {Soft Updates: A Technique for Eliminating Most Synchronous Writes in the Fast Filesystem},
    booktitle = {\usenixatc{}},
    year = {1999},
    pages = {1--17}
}

@inproceedings{seltzer00soft,
  title = {Journaling versus Soft Updates: Asynchronous Meta-data Protection in File Systems},
  author = {Margo I. Seltzer and Gregory R. Ganger and M. Kirk McKusick and Keith A. Smith and Craig A.N. Soules and Christopher A. Stein}, 
  booktitle = {usenixatc{}},
  year = {2000},
  pages = {71--84},
}

@inproceedings{cui11peregrine,
 author = {Cui, Heming and Wu, Jingyue and Gallagher, John and Guo, Huayang and Yang, Junfeng},
 title = {Efficient deterministic multithreading through schedule relaxation},
 booktitle = {\sosp{}},
 year = {2011},
 pages = {337--351},
} 

@inproceedings{park09pres,	
  author = {S. Park and Y. Zhou and W. Xiong and Z. Yin and R. Kaushik and K. H. Lee and S. Lu},
  title = {PRES: probabilistic replay with execution sketching on multiprocessors},
  booktitle ={\sosp{}}, 
  pages = {177--192}, 
  year = {2009},
}

@inproceedings{lee10respec,
 author = {Lee, Dongyoon and Wester, Benjamin and Veeraraghavan, Kaushik and Narayanasamy, Satish and Chen, Peter M. and Flinn, Jason},
 title = {Respec: efficient online multiprocessor replayvia speculation and external determinism},
 booktitle = {\asplos{}},
 series = {ASPLOS '10},
 year = {2010},
 pages = {77--90},
} 


@inproceedings{altekar09odr,
 author = {Altekar, Gautam and Stoica, Ion},
 title = {ODR: output-deterministic replay for multicore debugging},
 booktitle = {\sosp{}},
 year = {2009},
 pages = {193--206},
} 

@inproceedings{dunlap08replay,
 author = {Dunlap, George W. and Lucchetti, Dominic G. and Fetterman, Michael A. and Chen, Peter M.},
 title = {Execution replay of multiprocessor virtual machines},
 booktitle = {\veeconf{}},
 year = {2008},
 pages = {121--130},
} 

@inproceedings{srinivasan04flashback,
 author = {Srinivasan, Sudarshan M. and Kandula, Srikanth and Andrews, Christopher R. and Zhou, Yuanyuan},
 title = {Flashback: a lightweight extension for rollback and deterministic replay for software debugging},
 booktitle = {\usenixatc{}},
 year = {2004},
 pages = {3--3},
} 

@inproceedings{liu11dthreads,
 author = {Liu, Tongping and Curtsinger, Charlie and Berger, Emery D.},
 title = {Dthreads: efficient deterministic multithreading},
 booktitle = {\sosp{}},
 year = {2011},
 pages = {327--336},
} 

@inproceedings{berger09grace,
 author = {Berger, Emery D. and Yang, Ting and Liu, Tongping and Novark, Gene},
 title = {Grace: safe multithreaded programming for C/C++},
 booktitle = {\oopsla{}},
 year = {2009},
 pages = {81--96},
} 

@inproceedings{bergan10coredet,
 author = {Bergan, Tom and Anderson, Owen and Devietti, Joseph and Ceze, Luis and Grossman, Dan},
 title = {CoreDet: a compiler and runtime system for deterministic multithreaded execution},
 booktitle = {\asplos{}},
 series = {ASPLOS '10},
 year = {2010},
 pages = {53--64},
} 


@inproceedings{cui10tern,
 author = {Cui, Heming and Wu, Jingyue and Tsai, Chia-Che and Yang, Junfeng},
 title = {Stable deterministic multithreading through schedule memoization},
 booktitle = {\osdi{}},
 year = {2010},
 pages = {1--13},

} 

@inproceedings{olszewski09kendo,
 author = {Olszewski, Marek and Ansel, Jason and Amarasinghe, Saman},
 title = {Kendo: efficient deterministic multithreading in software},
 booktitle = {\asplos{}},
 year = {2009},
 pages = {97--108},
} 

@inproceedings{bergan10dos,
 author = {Bergan, Tom and Hunt, Nicholas and Ceze, Luis and Gribble, Steven D.},
 title = {Deterministic process groups in dOS},
 booktitle = {\osdi{}},
 year = {2010},
 pages = {1--16},
} 


@inproceedings{aviram10determinator,
 author = {Aviram, Amittai and Weng, Shu-Chun and Hu, Sen and Ford, Bryan},
 title = {Efficient system-enforced deterministic parallelism},
 booktitle = {\osdi{}},
 year = {2010},
 pages = {1--16},
} 

@inproceedings{kim10retro,
 author = {Kim, Taesoo and Wang, Xi and Zeldovich, Nickolai and Kaashoek, M. Frans},
 title = {Intrusion recovery using selective re-execution},
 booktitle = {\osdi{}},
 year = {2010},
 pages = {1--9},
} 

@INPROCEEDINGS{rinard04enhancingserver,
    author = {Martin Rinard and Cristian Cadar and Daniel Dumitran and Daniel M. Roy and Tudor Leu and William S. Beebee},
    title = {Enhancing Server Availability and Security Through Failure-Oblivious Computing},
    booktitle = {\osdi{}},
    year = {2004},
    pages = {303--316}
}

@misc{btrfs,
  author = {Amanda McPherson},
  howpublished = {\url{http://www.linuxfoundation.org/news-media/blogs/browse/2009/06/conversation-chris-mason-btrfs-next-generation-file-system-linux}},
  title = {A Conversation with {C}hris {M}ason on BTRfs: the next generation file system for {L}inux},
}

@misc{eeprom-wear-leveling-patent,
  author = {Karl M. J. Lofgren and Robert D. Norman and Gregory B. Thelin and Anil Gupta},
  title = {Wear leveling techniques for flash EEPROM systems},
  howpublished = {U.S. Patent 6850443},
}

@misc{wear-leveling-note,
 author = {Perdue, Ken},
 year = {2010},
 title = {Wear Leveling Application Note},
 howpublished = {\url{http://www.eettaiwan.com/STATIC/PDF/200808/EETOL_2008IIC_Spansion_AN_13.pdf}},
}

@misc{usb-leveling,
  title = "USB Flash Wear-leveling and Life Span",
  author = {Corsair},
  month = {June},
  year = {2007},
  howpublished = {\url{http://www.corsairmemory.com/_faq/FAQ_flash_drive_wear_leveling.pdf}},
}

@misc{memristor,
  author = {Chris Mellor},
  title = {HP and Hynix to produce the memristor goods by 2013},
  year = {2011},
  howpublished = {\url{http://www.theregister.co.uk/2011/10/10/memristor_in_18_months/}},
 }

@misc{pcm,
  author = {Samsung},
  title = {Samsung Ships Industry‚Äôs First Multi-chip Package with a PRAM Chip for Handsets},
  year = {2010},
  howpublished = {\url{http://www.samsung.com/us/aboutsamsung/news/newsIrRead.do?news_ctgry=irnewsrelease&page=1&news_seq=18828&rdoPeriod=ALL&from_dt=&to_dt=&search_keyword=}},
}

@inproceedings{lee09pcm,
 author = {Lee, Benjamin C. and Ipek, Engin and Mutlu, Onur and Burger, Doug},
 title = {Architecting phase change memory as a scalable dram alternative},
 booktitle = {\isca{}},
 year = {2009},
 pages = {2--13},
} 


@inproceedings{condit09pcm,
 author = {Condit, Jeremy and Nightingale, Edmund B. and Frost, Christopher and Ipek, Engin and Lee, Benjamin and Burger, Doug and Coetzee, Derrick},
 title = {Better I/O through byte-addressable, persistent memory},
 booktitle = {\sosp{}},
 year = {2009},
 pages = {133--146},
} 

@inproceedings{ipek10pcm,
 author = {Ipek, Engin and Condit, Jeremy and Nightingale, Edmund B. and Burger, Doug and Moscibroda, Thomas},
 title = {Dynamically replicated memory: building reliable systems from nanoscale resistive memories},
 booktitle = {\asplos{}},
 year = {2010},
 pages = {3--14},
} 

@article{lamport78clocks,
 author = {Lamport, Leslie},
 title = {Time, clocks, and the ordering of events in a distributed system},
 journal = {\cacm{}},
 volume = {21},
 issue = {7},
 month = {July},
 year = {1978},
 pages = {558--565},
} 

@article{dcache-rcu,
  author = {Jonathan Corbet},
  year = 2010,
  journal = {Linux Weekly News},
  howpublished = {https://lwn.net/Articles/419811/},
  title = {Dcache scalability and RCU-walk},
}

@inproceedings{kim12eurosys,
  author = {Sangman Kim and Michael Z. Lee and Alan M. Dunn and Owen S. Hofmann and Xuan Wang and Emmett Witchel and Donald E. Porter},
  title = {Improving Server Applications with System Transactions},
  booktitle = {\eurosys{}},
  year = {2012},
}

@inproceedings{franke02futex,
author = {Hubertus Franke and Rusty Russel and Matthew Kirkwood},
 title = {Fuss, Futexes and Furwocks: Fast Userlevel Locking in {L}inux},
  booktitle = "Ottawa Linux Symposium",
  year = 2002
}

@misc{fuse-root,
  title = "FUSE root fs, embedded, performance",
  howpublished = {\url{http://lwn.net/Articles/324546/}},
}

@inproceedings{kaashoek97exokernel,
 author = {Kaashoek, M. Frans and Engler, Dawson R. and Ganger, Gregory R. and Brice\~{n}o, Hector M. and Hunt, Russell and Mazi\`{e}res, David and Pinckney, Thomas and Grimm, Robert and Jannotti, John and Mackenzie, Kenneth},
 title = {Application performance and flexibility on exokernel systems},
 booktitle = {\sosp{}},
 year = {1997},
 pages = {52--65},
} 

@article{Baron:1985:MOE,
  author =       "Robert Baron and Richard Rashid and Ellen Siegel and
                 Avadis Tevanian and Michael Young",
  title =        "{Mach-1}: An Operating Environment for Large-Scale
                 Multiprocessor Applications",
  journal =      j-IEEE-SOFTWARE,
  volume =       "2",
  number =       "4",
  pages =        "65--67",
  month =        jul,
  year =         "1985",
  CODEN =        "IESOEG",
  ISSN =         "0740-7459 (print), 0740-7459 (electronic)",
  ISSN-L =       "0740-7459",
  bibdate =      "Wed Jan 29 06:29:41 1997",
  bibsource =    "Database/Graefe.bib;
                 http://www.math.utah.edu/pub/tex/bib/mach.bib",
  abstract =     "Also published in SIAM Computing?",
}

@techreport{Accetta:1986:MNK,
  author =       "Mike Accetta and Robert Baron and David Golub and
                 Richard Rashid and Avadis Tevanian and Michael Young",
  title =        "{MACH}: a new Kernel foundation for {UNIX}
                 development",
  institution =  "Carnegie Mellon University",
  pages =        "18",
  year =         "1986",
  bibdate =      "Sun Sep 29 10:41:24 MDT 1996",
  bibsource =    "http://www.math.utah.edu/pub/tex/bib/mach.bib",
  series =       "Research paper. Carnegie Mellon University. Computer
                 Science Dept.",
  acknowledgement = ack-nhfb,
  annote =       "This research was sponsored by the Defense Advanced
                 Research Projects Agency (DOD), ARPA order no.4864,
                 monitored by the Space and Naval Warfare Systems
                 Command.",
  keywords =     "Computer software -- Development; UNIX (Computer
                 operating system)",
}

@techreport{Jones:1986:MMK,
  author =       "Michael B. Jones and Richard F. Rashid",
  title =        "{MACH} and {Matchmaker}: Kernel and language support
                 for object-oriented distributed systems",
  number =       "CMU-CS-87-150",
  year =         "1986",
}

@techreport{Rashid:1987:RAM,
  author =       "Richard F. Rashid",
  title =        "From {RIG} to {ACCENT} to {MACH}: The evolution of a
                 network operating system",
  type =         "Research paper",
  institution =  "Carnegie Mellon University, Computer Science Dept.",
  address =      "Pittsburgh, PA, USA",
  pages =        "23",
  year =         "1987",
  bibdate =      "Sun Sep 29 10:41:24 MDT 1996",
  bibsource =    "http://www.math.utah.edu/pub/tex/bib/mach.bib",
  acknowledgement = ack-nhfb,
  annote =       "This research was sponsored by the Defense Advanced
                 Research Projects Agency (DOD), ARPA order no.3597,
                 monitored by the Air Force Avionics Laboratory.",
  keywords =     "Computer software -- Development; Electronic data
                 processing -- Distributed processing.",
}

@inproceedings{nightingale04bluefs,
    author = {Edmund B. Nightingale and Jason Flinn},
    title = {Energy-efficiency and storage flexibility in the blue file system},
    booktitle = {In Proceedings of the 6th Symposium on Operating Systems Design and Implementation},
    year = {2004},
    pages = {363--378}
}

@article{kistler92coda,
 author = {Kistler, James J. and Satyanarayanan, M.},
 title = {Disconnected operation in the Coda File System},
 journal = {ACM Trans. Comput. Syst.},
 issue_date = {Feb. 1992},
 volume = {10},
 number = {1},
 month = feb,
 year = {1992},
 issn = {0734-2071},
 pages = {3--25},
 numpages = {23},
 url = {http://doi.acm.org/10.1145/146941.146942},
 doi = {10.1145/146941.146942},
 acmid = {146942},
 publisher = {ACM},
 address = {New York, NY, USA},
 keywords = {disconnected operation, hoarding, optimistic replication, reintegration, second-class replication, server emulation},
} 

@article{oneil96lsm,
 author = {O'Neil, Patrick and Cheng, Edward and Gawlick, Dieter and O'Neil, Elizabeth},
 title = {The log-structured merge-tree (LSM-tree)},
 journal = {Acta Inf.},
 issue_date = {1996},
 volume = {33},
 number = {4},
 month = jun,
 year = {1996},
 issn = {0001-5903},
 pages = {351--385},
 numpages = {35},
 url = {http://dx.doi.org/10.1007/s002360050048},
 doi = {10.1007/s002360050048},
 acmid = {230826},
 publisher = {Springer-Verlag New York, Inc.},
 address = {Secaucus, NJ, USA},
} 

@inproceedings{bender11quotient,
 author = {Bender, Michael A. and Farach-Colton, Martin and Johnson, Rob and Kuszmaul, Bradley C. and Medjedovic, Dzejla and Montes, Pablo and Shetty, Pradeep and Spillane, Richard P. and Zadok, Erez},
 title = {Don't thrash: how to cache your hash on flash},
 booktitle = {Proceedings of the 3rd USENIX conference on Hot topics in storage and file systems},
 series = {HotStorage'11},
 year = {2011},
 location = {Portland, OR},
 pages = {1--1},
 numpages = {1},
 url = {http://dl.acm.org/citation.cfm?id=2002218.2002219},
 acmid = {2002219},
 publisher = {USENIX Association},
 address = {Berkeley, CA, USA},
} 

@inproceedings{rao00bplus,
 author = {Rao, Jun and Ross, Kenneth A.},
 title = {Making B+- trees cache conscious in main memory},
 booktitle = {Proceedings of the 2000 ACM SIGMOD international conference on Management of data},
 series = {SIGMOD '00},
 year = {2000},
 isbn = {1-58113-217-4},
 location = {Dallas, Texas, United States},
 pages = {475--486},
 numpages = {12},
 url = {http://doi.acm.org/10.1145/342009.335449},
 doi = {10.1145/342009.335449},
 acmid = {335449},
 publisher = {ACM},
 address = {New York, NY, USA},
} 

@INPROCEEDINGS{security04avfs,
  AUTHOR =       "Y. Miretskiy and A. Das and C. P. Wright and E. Zadok",
  TITLE =        "{Avfs: An On-Access Anti-Virus File System}",
  BOOKTITLE =    "Proceedings of the 13th USENIX Security Symposium (Security 2004)",
  MONTH =        "August",
  YEAR =         "2004",
  ADDRESS =      "San Diego, CA",
  PAGES =        "73--88",
  PUBLISHER =    "USENIX Association",
}


@INPROCEEDINGS{purgefs,
  AUTHOR =       "N. Joukov and E. Zadok",
  TITLE =        "Proceedings of the third international IEEE Security In Storage Workshop (SISW 2005)",
  PAGES =        "63--70",
  BOOKTITLE =    "Proceedings of the third international IEEE Security In Storage Workshop (SISW 2005)",
  ADDRESS =      "San Francisco, CA",
  MONTH =        "December",
  YEAR =         "2005",
  PUBLISHER =    "IEEE Computer Society",
  KEY =          "SISW 2005",
}

@inproceedings{locus83sosp,
 author = {Walker, Bruce and Popek, Gerald and English, Robert and Kline, Charles and Thiel, Greg},
 title = {{The LOCUS distributed operating system}},
 booktitle = {\sosp{}},
 year = {1983},
 pages = {49--70},
} 

@article{mullender90amoeba,
 author = {Mullender, Sape J. and van Rossum, Guido and Tanenbaum, Andrew S. and van Renesse, Robbert and van Staveren, Hans},
 title = {Amoeba: A Distributed Operating System for the 1990s},
 journal = {IEEE Computer},
 volume = {23},
 number = {5},
 month = may,
 year = {1990},
 issn = {0018-9162},
 pages = {44--53},
} 

@article{champine90athena,
 author = {Champine, George A. and Geer,Jr., Daniel E. and Ruh, William N.},
 title = {{Project Athena as a Distributed Computer System}},
 journal = {IEEE Computer},
 volume = {23},
 number = {9},
 month = sep,
 year = {1990},
 pages = {40--51},
} 



@article{fleisch86locus,
 author = {Fleisch, B D},
 title = {{Distributed System V IPC in LOCUS: a design and implementation retrospective}},
 journal = {SIGCOMM Comput. Commun. Rev.},
 volume = {16},
 number = {3},
 month = aug,
 year = {1986},
 pages = {386--396},
} 

@article{cheriton89naming,
 author = {Cheriton, D. R. and Mann, T. P.},
 title = {Decentralizing a global naming service for improved performance and fault tolerance},
 journal = {\tocs{}},
 volume = {7},
 number = {2},
 month = may,
 year = {1989},
 pages = {147--183},
} 

@misc{windows-dll-inject,
  title = {{SetWindowsHookEx function}},
  howpublished = {\url{http://msdn.microsoft.com/en-us/library/windows/desktop/ms644990\%28v=vs.85\%29.aspx}}
}

@misc{close-on-exec,
  title = {{FIO42-C. Ensure files are properly closed when they are no longer needed}},
  howpublished = {\url{https://www.securecoding.cert.org/confluence/display/seccode/FIO42-C.+Ensure+files+are+properly+closed+when+they+are+no+longer+needed}},
}

@misc{plash,
  note={\url{http://plash.beasts.org/}},
  key = {Plash}
}



@inproceedings{baumann09barrelfish,
 author = {Baumann, Andrew and Barham, Paul and Dagand, Pierre-Evariste and Harris, Tim and Isaacs, Rebecca and Peter, Simon and Roscoe, Timothy and Sch\"{u}pbach, Adrian and Singhania, Akhilesh},
 title = {{The multikernel: a new OS architecture for scalable multicore systems}},
 booktitle = {\sosp{}},
 year = {2009},
 pages = {29--44},
} 

@inproceedings{song11eurosys,
 author = {Song, Xiang and Chen, Haibo and Chen, Rong and Wang, Yuanxuan and Zang, Binyu},
 title = {A case for scaling applications to many-core with {OS} clustering},
 year = {2011},
 booktitle = {\eurosys{}}
} 

@inproceedings{osman02zap,
 author = {Osman, Steven and Subhraveti, Dinesh and Su, Gong and Nieh, Jason},
 title = {{The design and implementation of Zap: A system for migrating computing environments}},
 booktitle = {\sosp{}},
 year = {2002},
 pages = {361--376},
} 

@inproceedings{belay12dune,
 author = {Belay, Adam and Bittau, Andrea and Mashtizadeh, Ali and Terei, David and Mazi\`{e}res, David and Kozyrakis, Christos},
 title = {{Dune: Safe user-level access to privileged CPU features}},
 booktitle = {\osdi{}},
 year = {2012},
 pages = {335--348},
} 

@inproceedings{srinivasan11idedup,
 author = {Srinivasan, Kiran and Bisson, Tim and Goodson, Garth and Voruganti, Kaladhar},
 title = {i{D}edup: latency-aware, inline data deduplication for primary storage},
 booktitle = {\fast{}},
 year = {2012},
 pages = {299--312},
} 

@inproceedings{zhu08diskbottleneck,
 author = {Zhu, Benjamin and Li, Kai and Patterson, Hugo},
 title = {Avoiding the disk bottleneck in the data domain deduplication file system},
 booktitle = {\fast{}},
 year = {2008},
 pages = {269--282},
} 

@INPROCEEDINGS{tolia03casper,
 author = {Niraj Tolia and Michael Kozuch and Mahadev Satyanarayanan and Brad Karp and Thomas Bressoud and Adrian Perrig},
 title = {Opportunistic Use of Content Addressable Storage for Distributed File Systems},
 booktitle = {\usenixatc{}},
 year = {2003},
 pages = {127--140}
}

@misc{btrfs-ext4-f2fs-bench,
  author = {Michael Larabel},
  title = {F2FS File-System Shows Hope, Runs Against Btrfs \& EXT4},
  year = {2013},
  howpublished = {\url{http://www.phoronix.com/scan.php?page=article&item=linux_f2fs_benchmarks&num=1}}
}

@misc{btrfs-bench1,
  author = {Michael Larabel},
  title = {NILFS2 Against Btrfs and EXT4 On Linux 3.2},
  year = {2011},
  howpublished = {\url{http://www.phoronix.com/scan.php?page=article&item=linux_32_nilfs2}}
}

@misc{btrfs-bench2,
  author = {Michael Larabel},
  title = {Testing Out Linux File-Systems On A USB Flash Drive},
  year = {2009},
  howpublished = {\url{http://www.phoronix.com/scan.php?page=article&item=linux_usb_fs&num=1}},
}

@inproceedings{goldberg-principles,
 author = {Goldberg, R. P.},
 title = {Architecture of virtual machines},
 booktitle = {Proceedings of the workshop on virtual computer systems},
 year = {1973},
 pages = {74--112},
} 



@inproceedings{filenotafile,
 author = {Harter, Tyler and Dragga, Chris and Vaughn, Michael and Arpaci-Dusseau, Andrea C. and Arpaci-Dusseau, Remzi H.},
 title = {{A file is not a file: Understanding the {I/O} behavior of {Apple} desktop applications}},
 booktitle = {\sosp{}},
 year = {2011},
 pages = {71--83},
} 

@inproceedings{guo11gms,
 author = {Guo, Fanglu and Efstathopoulos, Petros},
 title = {Building a high-performance deduplication system},
 booktitle = {\usenixatc{}},
 year = {2011},
 pages = {271--284},
} 

@misc{dmcrypt,
  title = {DMCrypt website},
  howpublished = {\url{http://code.google.com/p/cryptsetup/wiki/DMCrypt}},
}

@misc{filevault2,
  title = {{OS X: About FileVault 2}},
  howpublished = {\url{http://support.apple.com/kb/HT4790}},
}

@inproceedings{suzaki09lbcas,
  author = {Kuniyasu Suzaki and Toshiki Yagi and KEngo Iijima and Nguyen Anh Quynh and Yoshihito Wantanabe},
  title = {Effect of readahead and file system block reallocation for {LBCAS}},
  year = {2009},
  booktitle = {Linux Symposium},
  pages = {275--286},
}

@inproceedings{meyer08parallax,
 author = {Meyer, Dutch T. and Aggarwal, Gitika and Cully, Brendan and Lefebvre, Geoffrey and Feeley, Michael J. and Hutchinson, Norman C. and Warfield, Andrew},
 title = {Parallax: Virtual disks for virtual machines},
 booktitle = {\eurosys{}},
 year = {2008},
 pages = {41--54},
} 

@INPROCEEDINGS{liguori08experiences,
    author = {Anthony Liguori and Eric Van Hensbergen},
    title = {Experiences with content addressable storage and virtual disks},
    booktitle = {{Proceedings of the Workshop on I/O Virtualization}},
    pages = {5--5},
    year = {2008}
}

@inproceedings{li04sundr,
 author = {Li, Jinyuan and Krohn, Maxwell and Mazi\`{e}res, David and Shasha, Dennis},
 title = {Secure untrusted data repository ({SUNDR})},
 booktitle = {\osdi{}},
 year = {2004},
 pages = {121--136},
}

@inproceedings{quinlan02venti,
 author = {Sean Quinlan and Sean Dorward},
 title = {{Venti}: A New Approach to Archival Storage},
 booktitle = {\fast{}},
 year = {2002},
 pages = {89--101},
} 

@article{fu02ro-sfs,
  title = {{F}ast and secure distributed read-only file system},
  author = {Kevin Fu and M. Frans Kaashoek and David Mazi{\`e}res},
  journal = {\tocs{}},
  volume = {20},
  number = {1},
  year = {2002},
  month = {February},
  pages = {1--24},
}

@INPROCEEDINGS{ungureanu10hydrafs,
 author = {Cristian Ungureanu and Benjamin Atkin and Akshat Aranya and Salil Gokhale and Stephen Rago and Grzegorz Calkowski and Cezary Dubnicki and Aniruddha Bohra},
 title = {{HydraFS}: A High-Throughput File System for the {HYDRAstor} Content-Addressable Storage System.},
 booktitle = {\fast{}},
 pages = {225--238},
 year = {2010}
}


@misc{vmfs,
author = "{VMware}",
title = "{VM}ware v{S}torage {VMFS} Product Datasheet",
howpublished = {\url{http://www.vmware.com/products/datacenter-virtualization/vsphere/vmfs.html}}
}


@INPROCEEDINGS{oliveira07blutopia,
author={Oliveira, F. and Guardiola, G. and Patel, J.A. and Hensbergen, E.V.},
booktitle={\cluster},
title={Blutopia: Stackable storage for cluster management},
year={2007},
pages={293--302},
}

@inproceedings{ammons11mirage,
 author = {Ammons, Glenn and Bala, Vasanth and Mummert, Todd and Reimer, Darrell and Zhang, Xiaolan},
 title = {Virtual machine images as structured data: the mirage image library},
 booktitle = {\hotcloud{}},
 year = {2011},
 pages = {22--22},
} 

@INPROCEEDINGS{reimer08sprawl,
 title = {Opening black boxes: using semantic information to combat virtual machine image sprawl},
 author = {Darrell Reimer and Arun Thomas and Glenn Ammons and Todd W. Mummert and Bowen Alpern and Vasanth Bala},
 booktitle = {\veeconf{}},
 year = {2008},
 pages = {111--120},
}

@inproceedings{unikernels,
  title = {Unikernels: Library Operating Systems for the Cloud},
  author = {Anil Madhavapeddy and Richard Mortier and Charalampos Rotsos and David Scott and Balraj Singh and Thomas Gazagnaire and Steven Smith and Steven Hand and Jon Crowcroft},
  year = {2013},
  booktitle = {\asplos{}},
}

@INPROCEEDINGS{pike90plan9,
    author = {Rob Pike and Dave Presotto and Ken Thompson and Howard Trickey},
    title = {{Plan 9 from Bell Labs}},
    booktitle = {In Proceedings of the Summer 1990 UKUUG Conference},
    year = {1990},
    pages = {1--9}
}

@inproceedings{shan12shuttle,
 author = {Shan, Zhiyong and Wang, Xin and Chiueh, Tzi-cker and Meng, Xiaofeng},
 title = {Facilitating inter-application interactions for OS-level virtualization},
 booktitle = {\veeconf{}},
 year = {2012},
 pages = {75--86},
} 

@article{lwn-namespaces,
  author = {Michael Kerrisk},
  year = 2012,
  journal = {Linux Weekly News},
  howpublished = {https://lwn.net/Articles/528078/},
  title = {User namespaces progress},
}

@inproceedings{hunt99detours,
 author = {Hunt, Galen and Brubacher, Doug},
 title = {Detours: binary interception of Win32 functions},
 booktitle = {Proceedings of the USENIX Symposium on Windows NT (WINSYM)},
 year = {1999},
 pages = {14--14},
} 

@inproceedings{baumann13bascule,
  author = {Andrew Baumann and Dongyoon Lee and Pedro Fonseca and Lisa Glendenning and Jacob R. Lorch and Barry Bond and Reuben Olinsky and Galen C. Hunt},
  title = {{Composing OS extensions safely and efficiently with Bascule}},
  booktitle = {\eurosys{}},
  year = {2013},
}

@inproceedings{le12nested,
 author = {Le, Duy and Huang, Hai and Wang, Haining},
 title = {Understanding performance implications of nested file systems in a virtualized environment},
 booktitle = {\fast{}},
 year = {2012},
} 

@article{boutcher10sched,
 author = {Boutcher, David and Chandra, Abhishek},
 title = {Does virtualization make disk scheduling pass\'e?},
 journal = {\osr{}},
 volume = {44},
 number = {1},
 month = mar,
 year = {2010},
 issn = {0163-5980},
 pages = {20--24},
} 

@inproceedings{kesavan10sched,
 author = {Kesavan, Mukil and Gavrilovska, Ada and Schwan, Karsten},
 title = {On disk {I/O} scheduling in virtual machines},
 booktitle = {Proceedings of the 2nd conference on I/O virtualization (WIOV)},
 year = {2010},
} 

@INPROCEEDINGS{zhang12nameless,
    author = {Yiying Zhang and Leo Prasath Arulraj and Andrea C. Arpaci-dusseau and Remzi H. Arpaci-dusseau},
    title = {De-indirection for flash-based ssds with nameless writes},
    booktitle = {\fast{}},
    year = {2012}
}

@INPROCEEDINGS{lu13lifetime,
    author = {Youyou Lu and Jiwu Shu and Weimin Zheng},
    title = {Extending the Lifetime of Flash-based Storage through Reducing Write Amplification from File Systems},
    booktitle = {\fast{}},
    year = {2013},
}

@inproceedings{f2fs,
    author  = {Joo-Young Hwang},
    title   = {{F2FS} (Flash-Friendly File System)},
    publisher = {Presented at the Embedded Linux Conference},
    year    = {2013},
}

@INPROCEEDINGS{josephson10dfs,
    author = {William K. Josephson and Lars A. Bongo and Kai Li and David Flynn},
    title = {Dfs: A file system for virtualized flash storage},
    booktitle = {\fast{}},
    year = {2010}
}

@article{vaghani10vmfs,
  author    = {Satyam B. Vaghani},
  title     = {Virtual machine file system},
  journal   = {\osr{}},
  volume    = {44},
  number    = {4},
  year      = {2010},
  pages     = {57-70},
}

@INPROCEEDINGS{sivathanu03sds,
    author = {Muthian Sivathanu and Vijayan Prabhakaran and Florentina I. Popovici and Timothy E. Denehy and Andrea C. Arpaci-dusseau and Remzi H. Arpaci-dusseau},
    title = {Semantically-Smart Disk Systems},
    booktitle = {\fast{}},
    year = {2003},
    pages = {73--88}
}

@article{staelin05lmbench,
  title = {{lmbench}: An Extensible Microbenchmark Suite},
  author = {Carl Staelin},
  journal = {Software---Practice and Engineering},
  year = {2005},
  month = {May},
  volume = {35},
  number = {11},
  publisher = {John Wiley & Sons, Ltd.},
  issn = {1097-024X},
  pates = {1079--1105},
}

@inproceedings{chen93memory,
 author = {Chen, J. Bradley and Bershad, Brian N.},
 title = {The impact of operating system structure on memory system performance},
 booktitle = {\sosp{}},
 year = {1993},
 pages = {120--133},
} 

@inproceedings{klein09sel4,
 author = {Klein, Gerwin and Elphinstone, Kevin and Heiser, Gernot and Andronick, June and Cock, David and Derrin, Philip and Elkaduwe, Dhammika and Engelhardt, Kai and Kolanski, Rafal and Norrish, Michael and Sewell, Thomas and Tuch, Harvey and Winwood, Simon},
 title = {seL4: Formal verification of an {OS} kernel},
 booktitle = {\sosp{}},
 year = {2009},
 pages = {207--220},
} 

@inproceedings{elphinstone13microkernels,
  author = {Kevin Elphinstone and Gernot Heiser},
  title = {From {L3} to {seL4}: What Have We Learnt in 20 Years of {L4} Microkernels?},
  year = {2013},
  booktitle = {\sosp{}},
}

@misc{apparmor,
  title = {{AppArmor}},
  howpublished = {\url{http://wiki.apparmor.net/index.php/Main_Page}},
}

@inproceedings{ksm,
  author = {Andrea Archangeli and Izik Eidus and Chris Wright},
  title = {Increasing memory density by using {KSM}},
  year = {2009},
  booktitle = {Linux Symposium},
  pages = {19--28},
}


@inproceedings{liedtke92clans,
 author = {Liedtke, Jochen},
 title = {Clans \& Chiefs},
 booktitle = {Architektur von Rechensystemen, 12. GI/ITG-Fachtagung},
 year = {1992},
 pages = {294--305},
} 

@inproceedings{stevenson95mach-us,
 author = {Stevenson, J. Mark and Julin, Daniel P.},
 title = {{Mach-US: UNIX} on generic {OS} object servers},
 booktitle = {USENIX Technical Conference},
 year = {1995},
} 

@misc{hurd,
  title = {{GNU Hurd}},
  author = {{Free Software Foundation}},
  howpublished = {\url{http://www.gnu.org/software/hurd/hurd.html}},
}

@book{user-mode-linux,
  author = {Jeff Dike},
  title = {User Mode Linux},
  year = {2006},
  publisher = {Prentice Hall},
}

@inproceedings{embassies,
 author = {Howell, Jon and Parno, Bryan and Douceur, John R.},
 title = {Embassies: Radically refactoring the web},
 booktitle = {\nsdi{}},
 year = {2013},
 pages = {529--546},
} 

@inproceedings{howell13refactoring,
 title = {How to Run {POSIX} Apps in a Minimal Picoprocess},
 author = {Jon Howell and Bryan Parno and John R. Douceur},
 year = {2013},
 booktitle = {\usenixatc{}},
 pages = {321--332},
}

@inproceedings{gazelle,
 author = {Wang, Helen J. and Grier, Chris and Moshchuk, Alexander and King, Samuel T. and Choudhury, Piali and Venter, Herman},
 title = {The multi-principal {OS} construction of the {Gazelle} web browser},
 booktitle = {\usenixsec{}},
 year = {2009},
 pages = {417--432},
} 

@inproceedings{atlantis,
 author = {Mickens, James and Dhawan, Mohan},
 title = {Atlantis: robust, extensible execution environments for web applications},
 booktitle = {\sosp{}},
 year = {2011},
 pages = {217--231},
} 

@misc{osv,
  author = {OSV},
  title = {{OSv}---Designed for the cloud},
  howpublished = {\url{osv.io}},
}

@misc{unixbench,
  title = {Byte Unixbench},
  howpublished = {\url{http://code.google.com/p/byte-unixbench/}},
}

@misc{aufs,
  title = {AUFS},
  key = {AUFS},
  howpublished ={\url{http://aufs.sourceforge.net/}},
}

@misc{ubuntu-popularity,
  title = {Ubuntu Popularity Contest},
  howpublished = {\url{http://popcon.ubuntu.com}},
}

@misc{debian-popularity,
  title = {Debian Popularity Contest},
  howpublished = {\url{http://popcon.debian.org}},
}

@inproceedings{jain14setuid,
  author = "Bhushan Jain and Chia-Che Tsai and Jitin John and Donald E. Porter",
  title = {Practical Techniques to Obviate Setuid-to-Root Binaries},
  booktitle = {\eurosys{}},
  year = {2014},
}

@inproceedings {zhang13cfi,
author = {Mingwei Zhang and R. Sekar},
title = {Control Flow Integrity for COTS Binaries},
booktitle = {\usenixsec{}},
year = {2013},
pages = {337--352},
}

@misc{cert-signals,
  title = {CERT C Coding Standards---Signals},
  howpublished = {\url{https://www.securecoding.cert.org/confluence/pages/viewpage.action?pageId=3903}},
}

@inproceedings{Bellard05,
 author = {Bellard, Fabrice},
 title = {{QEMU}, A fast and portable dynamic translator},
 booktitle = {\usenixatc{}},
 year = {2005},
 pages = {41--46},
}

@article{Hardy:1988:CD:54289.871709,
 author = {Hardy, Norm},
 title = {The Confused Deputy: (or Why Capabilities Might Have Been Invented)},
 journal = {SIGOPS Oper. Syst. Rev.},
 issue_date = {Oct. 1988},
 volume = {22},
 number = {4},
 month = oct,
 year = {1988},
 issn = {0163-5980},
 pages = {36--38},
 numpages = {3},
 url = {http://dl.acm.org/citation.cfm?id=54289.871709},
 acmid = {871709},
 publisher = {ACM},
 address = {New York, NY, USA},
} 

@inproceedings{tsai15dcache,
  author = "Chia-Che Tsai and Yang Zhan and Jayashree Reddy and Yizheng Jiao and Tao Zhang and Donald E. Porter",
  title = {{How to Get More Value from your File System Directory Cache}},
  booktitle = {\sosp{}},
  year = {2015},
}

@inproceedings{tsai14graphene,
  author = "Chia-Che Tsai and Kumar Saurabh Arora and Nehal Bandi and Bhushan Jain and  William Jannen and Jitin John and Harry A. Kalodner and Vrushali Kulkarni and Daniela Oliveira and Donald E. Porter",
  title = {{Cooperation and Security Isolation of Library OSes for Multi-Process Applications}},
  booktitle = {\eurosys{}},
  year = {2014},
}

@inproceedings{shapiro99eros,
 author = {Jonathan S. Shapiro and Jonathan M. Smith and David J. Farber},
 title = {{EROS}: {A} fast capability system},
 booktitle = {\sosp{}},
 year = {1999},
}

@misc{wait4man,
  title = {wait4 man page},
  howpublished = {\url{http://linux.die.net/man/2/wait4}},
}

@inproceedings{appavoo2003providing,
  title={Providing a {Linux} {API} on the Scalable {K42} Kernel.},
  author={Appavoo, Jonathan and Auslander, Marc A and Da Silva, Dilma and Edelsohn, David and Krieger, Orran and Ostrowski, Michal and Rosenburg, Bryan S and Wisniewski, Robert W and Xenidis, Jimi},
  booktitle={\usenixatc{}},
  pages={323--336},
  year={2003}
}

@inproceedings{atlidakis16posix,
  title = {{POSIX} Abstractions in Modern Operating Systems: The Old, the New, and the Missing},
  author = {Vaggelis Atlidakis and Jeremy Andrus and Roxana Geambasu and Dimitris Mitropoulos and Jason Nieh},
  year = {2016},
  booktitle = {\eurosys{}},
}

@article{hartig97mu,
 author = {H\"{a}rtig, Hermann and Hohmuth, Michael and Liedtke, Jochen and Wolter, Jean and Sch\"{o}nberg, Sebastian},
 title = {The Performance of {$\mu$}-kernel-based Systems},
 journal = {SIGOPS Operating System Review},
 year = {1997},
} 

@misc{freebsd-emu,
  author = {Divacky, Roman},
  title = {{Linux} emulation in {FreeBSD}},
  howpublished = {\url{http://www.freebsd.org/doc/en/articles/linux-emulation}},
}

@misc{glibc,
  title = {The {GNU C} Library},
  howpublished = {\url{http://www.gnu.org/software/libc}},
}

@misc{eglibc,
  title = {The Embedded {GNU Libc}},
  howpublished = {\url{http://www.eglibc.org}},
}

@misc{musl,
  title = {{\em musl} Libc},
  howpublished = {\url{http://www.musl-libc.org}},
}

@misc{uclibc,
  title = {{\em uClibc}},
  howpublished = {\url{https://www.uclibc.org}},
}

@misc{dietlibc,
  title = {{\em diet libc}: A Libc Optimized for Small Size},
  howpublished = {\url{https://www.fefe.de/dietlibc}},
}

@inproceedings{syspop,
 author = {Tsai, Chia-Che and Jain, Bhushan and Abdul, Nafees Ahmed and Porter, Donald E.},
 title = {A Study of Modern Linux API Usage and Compatibility: What to Support when You'Re Supporting},
 booktitle = {\eurosys{}},
 year = {2016},
 isbn = {978-1-4503-4240-7},
 location = {London, United Kingdom},
} 

